3404 5212
722 339 912 404 -5-

176 531 261 598 1555
276 529 414 612 reponi
430 525 955 614 115555Ρ5551555155),5151-
982 526 1068 610 phy.
1088 543 1182 608 quare
1198 525 1266 590 sine
1280 523 1346 590 5115
1361 541 1447 588 soru-

178 630 373 715 nitatemque
405 632 585 698 litterarum
618 633 701 697 inter
723 631 894 714 Porphyra,
924 632 956 694 51
981 629 1056 712 pulo
1095 629 1133 694 τὸ
1172 627 1371 712 porphyreis,
1412 627 1449 690 nt

176 753 323 822 purpure,
353 753 415 801 nou
437 734 607 801 difficulter
629 735 726 800 errori
747 734 955 816 patrocinium
981 731 1149 814 genuinam
1182 737 1215 796 et
1242 729 1447 796 Horatianam

176 840 393 919 inventuram,
431 839 496 903 sed
533 835 853 904 reclamantibus
891 836 956 900 551
983 835 1154 901 5151155551
1197 835 1229 899 15
1274 853 1331 899 555
1376 833 1448 896 5555

175 939 954 1024 antiquissimisoodioibnsnoluiinvene-
982 937 1182 1004 statuendam
1210 936 1336 1022 putavi,
1366 935 1449 1000 allu-

177 1046 308 1112 randam
328 1044 560 1127 antiquitatem·
586 1043 706 1109 saerire
728 1031 861 1108 temere:
885 1042 961 1124 5515
983 1043 1071 1108 51555
1115 1041 1155 1107 ad
1194 1041 1330 1106 insulam
1360 1037 1448 1102 ¹Por-

176 1151 262 1214 eninr
284 1166 346 1213 non
369 1147 409 1212 55
432 1148 566 1214 eolorem
598 1166 799 1230 purpureum,
834 1148 888 1211 sed
917 1146 957 1210 ad
983 1144 1109 1228 phyrim
1126 1133 1241 1210 Veneri
1257 1151 1389 1221 saonam,
1407 1147 1448 1208 ut

177 1253 314 1318 insulam
347 1251 544 1337 Porphyrim,
580 1251 694 1318 Veneri
729 1267 861 1332 sauram,
896 1267 957 1314 uon
985 1250 1068 1316 sint
1110 1247 1328 1332 porphyrei
1369 1248 1448 1312 olo-

178 1357 285 1422 videat
321 1355 465 1421 allusisse
501 1356 651 1438 poetam?
691 1359 732 1420 nt
768 1353 958 1438 purpurei
986 1371 1062 1429 res,
1103 1353 1140 1418 id
1180 1356 1259 1428 551,
1302 1351 1449 1416 Veneri

176 1462 309 1526 olores
333 1459 417 1523 sint
440 1455 669 1540 Cytheraei,
686 1457 756 1522 hoo
779 1466 857 1531 est,
882 1455 958 1520 Ve·
987 1454 1095 1520 seori
1124 1503 1241 1522 ......
1245 1452 1254 1476 ’

178 1561 394 1636 5551555ιί
422 1553 552 1626 ......’
673 1611 676 1618 .
971 1605 975 1658 l

299 1715 340 1780 of.
376 1713 546 1797 Oruquium
578 1713 620 1778 ad
653 1713 718 1779 Sat.
743 1713 760 1778 1
782 1713 814 1797 2,
836 1712 895 1778 93:
919 1711 1074 1796 ‘nepopis
1099 1713 1144 1778 sio
1177 1715 1292 1778 555551
1326 1730 1432 1778 omnes
1488 1747 1491 1752 ·

195 1819 308 1884 Bland.
325 1819 455 1895 oodiees,
473 1817 506 1883 in
523 1815 636 1900 quibus
651 1842 673 1881 o
689 1819 744 1900 (=
758 1817 792 1901 y)
814 1816 876 1882 fere
890 1835 945 1900 per
960 1837 981 1882 5
996 1813 1171 1896 soribitnr',
1190 1822 1222 1882 51
1238 1814 1433 1882 Prisoianum

195 1923 286 2000 126,
310 1922 366 1987 H.:
397 1918 503 1986 ‘tanta
537 1923 583 1986 est
617 1922 760 2004 cognatio
795 1915 1149 2002 5555555111555555),
1184 1919 1266 2002 quod
1299 1919 1435 1985 invicem

196 2025 401 2092 inueniuntur
422 2041 477 2107 pro
500 2043 534 2090 se
560 2023 680 2106 positae
708 2025 742 2088 in
765 2023 951 2106 quibusdam
981 2024 1183 2104 dictionibus,
1206 2025 1243 2089 nt
1266 2021 1359 2088 ambo
1380 2041 1435 2104 pro
1478 2104 1480 2115 γ

198 2135 297 2214 ἄμφω
321 2167 363 2176 -
384 2147 574 2212 purpureum
599 2124 846 2214 uoopriprov.'⁷)
1208 2143 1214 2156 ·

301 2233 473 2299 Videamus
496 2233 631 2322 aiterum
655 2232 769 2306 locum,
793 2231 848 2313 qui
871 2233 957 2296 extat
1034 2279 1038 2320 3

178 2371 283 2438 Satn
308 2375 336 2450 1,
363 2372 435 2436 108.
457 2373 492 2436 in
507 2369 606 2436 asar
631 2373 661 2450 1,
687 2371 758 2440 108.
783 2371 817 2436 15
1011 2369 1065 2452 up.
1089 2365 1122 2436 ΙΙ
1146 2370 1177 2446 2,
1200 2369 1274 2436 205.

201 2475 248 2540 55.
265 2473 358 2540 1573.
371 2495 401 2558 p.
414 2474 474 2540 43:
517 2477 564 2540 ed.
581 2475 673 2540 1578.
687 2471 807 2556 peon:
949 2473 984 2537 in
1006 2474 1054 2538 ed.
1085 2471 1175 2539 1578.
1199 2493 1230 2556 p.
1255 2471 1358 2539 6152‘

172 2589 641 2659 ‘aemoa’ataaoraa‘oemoo'
665 2599 703 2658 51
735 2590 905 2659 atra-‘ooo
927 2613 960 2658 es
981 2594 1131 2660 auarus?
1152 2593 1217 2660 551.
1239 2593 1317 2676 quid
1331 2593 1453 2658 cetero?

185 2747 317 2765 .......
323 2697 417 2762 Hune
435 2716 580 2763 55-555.
601 2696 819 2776 ......Quod
833 2697 918 2760 loeus
962 2695 1012 2760 hio
1049 2697 1134 2762 uario
1171 2696 1298 2779 iegitur.
1329 2701 1453 2778 praeter

179 2805 245 2866 tem
260 2801 364 2866 looum
379 2819 433 2867 eur
448 2803 611 2866 ituantem
627 2801 819 2866 sintinaua·
834 2799 910 2864 duos
954 2799 1066 2864 Bland.
1115 2818 1222 2865 omues
1266 2817 1344 2882 quos
1388 2799 1453 2884 1551

181 2903 581 2987 55511555,·51555-51115
616 2908 718 2969 cetera
755 2903 820 2969 fere
833 2903 946 2986 seripti
970 2903 1113 2988 155551,
1152 2919 1213 2966 555
1250 2921 1282 2968 es
1318 2901 1454 2968 auarus?

178 3025 264 3072 seam
278 3007 445 3074 Horatium
461 3009 493 3072 in
506 3007 607 3091 mala,
684 3008 821 3072 testetur
834 3025 905 3071 oum
917 3007 1169 3090 interrogationis
1185 3010 1269 3071 nota.
1293 3005 1355 3072 551.
1378 3007 1455 3089 5515

179 3111 344 3176 auaritiam
380 3129 494 3194 ponere
506 3109 656 3176 Horatius
670 3111 710 3176 55
726 3109 819 3174 finem
834 3111 959 3174 oetera?
993 3129 1065 3174 oum
1098 3108 1356 3193 interrogatione.
1386 3109 1454 3173 dom

180 3215 282 3280 cetera
305 3214 392 3293 viiia,
411 3215 492 3298 ipse·
508 3213 664 3296 1151515155
693 3213 747 3278 115.
766 3214 819 3290 ,2.
832 3211 931 3277 simod
964 3212 1024 3276 isto
1058 3231 1130 3278 555
1161 3212 1238 3276 oito'o
1271 3212 1363 3296 sape:
1396 3213 1455 3278 rite

180 3321 245 3382 met
269 3317 347 3382 mihi
383 3320 494 3384 555155
507 3317 546 3380 55
568 3315 696 3382 Florum
718 3316 819 3400 iuqui-
834 3320 931 3394 earet,
965 3320 1024 3380 eto.
1054 3365 1194 3384 .......
1223 3315 1282 3382 855
1313 3334 1370 3381 555
1392 3335 1455 3380 555

179 3422 237 3498 551,
273 3424 305 3485 51
338 3421 493 3504 interpres
507 3440 577 3485 ens:
601 3419 672 3487 Non
695 3440 728 3486 es
744 3437 819 3486 ana·
833 3420 868 3484 in
890 3419 1035 3484 omuibus
1060 3423 1108 3488 est
1129 3419 1356 3504 interpunctio3
1381 3439 1455 3484 nam

181 3523 324 3588 adfinem
333 3523 495 3606 1151515155
508 3523 585 3588 rus?
635 3523 697 3588 551.
745 3524 821 3605 5515
835 3525 895 3589 555
918 3525 1028 3589 Bland.
1052 3525 1139 3592 anl.
1165 3523 1245 3590 Nau.
1275 3525 1368 3591 Tons.
1397 3524 1455 3588 ha-

180 3622 633 3704 11.1.551’15ι5ι5,5515ι·51
678 3628 740 3692 iam
777 3628 919 3704 51-5551,
955 3645 1017 3692 non
1051 3647 1083 3692 es
1115 3629 1252 3694 auarus?
1285 3625 1347 3692 abi.
1381 3627 1455 3708 quid

181 3731 339 3812 inquiens,
359 3729 432 3797 Non
462 3729 576 3795 esmnl
597 3729 659 3794 isto
681 3748 755 3794 oum
774 3730 957 3801 51-5515151
980 3733 1042 3796 ianr
1067 3731 1163 3797 simul
1197 3731 1258 3796 isto
1281 3751 1352 3797 oum
1375 3731 1454 3795 vitio

181 3836 319 3897 auarus?
334 3833 399 3901 abi.
420 3833 552 3917 5515115
597 3835 703 3917 fuge:
745 3833 822 3898 rite
836 3835 922 3918 fuge:
968 3835 1028 3899 rite
1074 3844 1159 3900 earet
1204 3837 1261 3899 515.
1303 3835 1455 3899 555551155

181 3939 309 4001 cetera?
322 3937 495 4004 iamsimnl
509 3939 594 4002 earet
622 3935 684 4000 tibi
711 3939 821 4019 peetus
841 3985 958 4004 ......
994 3938 1055 4003 555
1089 3939 1202 4004 Bland.
1237 3938 1320 4020 quod
1353 3942 1456 4004 551555

181 4039 242 4104 1515
258 4057 330 4106 oum
345 4040 423 4106 vitio
439 4043 494 4107 fu·
508 4042 593 4106 inani
629 4040 821 4124 ambitione,
835 4041 898 4105 iam
933 4040 1029 4106 simul
1064 4040 1124 4105 isto
1160 4059 1230 4105 oum
1261 4041 1338 4106 vitio
1371 4041 1454 4122 fuge.

181 4161 289 4228 gere:
319 4139 494 4209 earet'tibi
508 4145 593 4209 55551
619 4141 730 4208 mortis
758 4143 821 4208 dor·
837 4143 994 4228 vulgati
1031 4163 1130 4226 nuper
1165 4144 1293 4221 habent,
1327 4163 1388 4212 non
1424 4164 1455 4210 es

180 4250 289 4329 peetus
312 4246 399 4312 inani
426 4267 495 4312 am·
507 4246 635 4330 midine,
671 4250 732 4312 eto.
772 4247 822 4311 Ita
836 4265 957 4327 auarus,
988 4245 1055 4312 siue
1085 4246 1341 4331 interrogationis
1370 4252 1454 4332 uota,

181 4349 312 4426 5111555,
320 4353 402 4416 55551
414 4368 494 4415 mor·
510 4369 644 4433 namque
667 4352 822 4434 legitur
836 4351 894 4416 abi.
909 4352 982 4433 quid
995 4351 1296 4416 oeteraiiamsimul
1307 4350 1369 4418 isto
1383 4369 1455 4416 oum

187 4499 393 4508 .-.-.—-.——

287 4577 307 4642 a)
325 4575 360 4629 51.
379 4573 498 4629 Hirschf.
518 4574 626 4640 Quaest.
646 4573 711 4626 Hor.
731 4590 770 4642 sp.
790 4590 816 4642 p.
839 4577 878 4626 16.
