3404 5212
710 399 919 462 „37..

189 585 367 666 inspexisse,
385 603 478 666 quam
494 604 619 668 prorsus
634 586 817 668 neglexisse,
841 587 894 650 sed
911 587 1022 669 siquis
1039 583 1236 651 contenderit
1252 584 1319 648 sine
1336 581 1432 647 dubio

190 688 364 770 Oraquium
388 708 510 771 semper
533 689 650 754 ibidem
667 691 869 756 Blandinium
886 688 1142 771 antiquissimum
1164 687 1343 769 inspexisse,
1366 685 1431 750 tale

190 792 267 874 quid
291 811 352 857 non
377 811 412 856 ex
435 795 517 857 iusta
540 793 721 875 inquirendi
743 794 873 870 ratione,
902 795 957 858 sed
980 812 1016 857 ex
1039 810 1123 856 mero
1148 791 1277 856 arbitrio
1306 788 1430 854 fluxisse

191 899 293 962 credo.
318 915 394 960 num
417 897 499 960 enim
525 896 687 962 adfirmari
716 898 818 978 potest
842 895 1013 978 Oraquium
1037 896 1081 960 eis
1111 894 1198 976 locis,
1229 893 1284 959 ubi
1314 892 1430 956 diserte

191 1004 286 1084 atque
308 1000 496 1065 nominatim
519 1001 556 1066 de
579 1001 736 1067 codicibus
760 1003 825 1066 suis
849 1001 939 1083 longe
963 1000 1105 1081 pluribus
1128 998 1318 1062 mentionem
1341 994 1429 1072 facit,

192 1123 314 1186 semper
329 1104 583 1187 antiquissimum
600 1104 633 1168 in
650 1104 801 1169 auxilium
817 1103 967 1169 vocasse?
994 1123 1069 1167 num
1085 1101 1240 1184 Oruquius
1256 1100 1429 1184 praesepiis

191 1207 270 1274 artis
294 1207 422 1286 criticae
445 1207 491 1272 ita
512 1208 683 1272 adstrictus
707 1207 777 1284 fuit,
801 1211 836 1272 ut
853 1225 924 1272 eum
940 1207 974 1270 in
990 1205 1092 1281 rebus,
1111 1223 1188 1288 quas
1203 1205 1270 1286 ipse
1285 1203 1317 1268 in
1334 1202 1428 1267 dubio
1531 1239 1533 1243 -

190 1312 304 1395 posuit,
328 1329 449 1394 semper
473 1311 523 1376 vel
545 1309 667 1394 saepius
683 1313 809 1375 tantum
827 1305 1065 1374 ‘uenerandum'
1091 1307 1184 1373 illum
1207 1307 1322 1372 librum
1345 1306 1428 1370 anti-

192 1415 379 1497 quissimum
403 1415 517 1480 adiisse
539 1415 676 1480 statuere
705 1416 820 1479 liceat?
851 1432 888 1477 ne
918 1413 1015 1496 igitur
1046 1411 1150 1476 multa
1180 1411 1272 1476 verba
1302 1409 1427 1489 faciam,

192 1539 269 1602 quae
294 1519 509 1584 demonstrare
534 1517 628 1597 volui,
652 1519 728 1582 haec
751 1521 839 1581 sunt:

230 1623 257 1686 I.
281 1621 469 1705 Oraquium,
501 1622 688 1704 ubicumque
718 1621 755 1685 de
780 1615 951 1685 ‘omnibus'
985 1617 1103 1682 referat
1134 1617 1308 1694 codicibus,
1345 1620 1428 1680 certe

277 1727 527 1792 vetustissimum
556 1727 724 1809 inspexisse
754 1724 880 1810 probari
910 1723 1027 1806 nequit.
1053 1741 1127 1787 nam
1157 1725 1231 1786 ante
1261 1721 1337 1784 haec
1367 1723 1428 1785 tria

276 1831 400 1894 saecula
422 1829 482 1894 viri
505 1829 589 1894 docti
611 1831 702 1912 longe
726 1830 787 1894 alia
810 1829 973 1894 enarrandi
995 1827 1116 1892 ratione
1132 1827 1311 1903 utebantur,
1333 1843 1426 1907 quam

277 1933 392 1998 nostris
416 1931 619 2016 temporibus.
644 1951 743 2016 neque
758 1931 850 1996 aliter
865 1933 1036 1998 Lambinus
1053 1949 1183 2014 quoque,
1200 1929 1247 1994 vir
1263 1932 1295 1994 et
1310 1928 1428 2011 ingenii

276 2035 419 2100 acumine
443 2039 473 2100 et
498 2035 728 2100 commentandi
752 2036 818 2100 arte
841 2035 959 2118 pariter
983 2034 1145 2110 excellens,
1164 2053 1230 2098 rem
1246 2051 1335 2097 suam
1352 2031 1425 2117 egit,

277 2139 403 2229 cumin
426 2140 559 2204 lectione
583 2139 688 2222 aliqua
710 2139 1012 2204 commendanda
1035 2157 1096 2202 non
1119 2156 1205 2203 roro:
1231 2133 1291 2202 ‘sio
1321 2156 1427 2202 omnes

276 2240 350 2307 mei'
376 2242 501 2321 diceret,
518 2243 572 2308 ubi
588 2242 639 2306 vix
655 2261 734 2306 unus
750 2243 869 2307 alterve
886 2261 921 2306 ex
936 2242 1064 2324 reliquis
1081 2239 1239 2306 codicibus
1254 2241 1426 2324 conspirat;

278 2348 310 2411 id
335 2347 417 2430 quod
440 2347 504 2411 iam
527 2345 653 2410 Bentlei
676 2345 775 2410 iratus
799 2346 827 2409 ei
850 2345 971 2411 obiecit.

209 2451 252 2514 Il.
277 2449 309 2514 Si
332 2450 384 2514 uel
406 2450 465 2530 his,
490 2467 568 2531 quae
592 2449 683 2514 modo
706 2451 861 2532 proposui,
895 2449 1088 2530 argumentis
1111 2449 1235 2513 reiectis
1259 2447 1426 2512 contendas

276 2552 445 2636 Oruquium
470 2552 536 2616 eius
559 2553 645 2616 modi
668 2554 743 2618 locis
767 2571 888 2634 semper
918 2551 1036 2616 librum
1067 2551 1321 2634 antiquissimum
1353 2568 1426 2614 oon·

276 2657 402 2734 tulisse,
433 2657 540 2720 tamen
571 2654 688 2737 ubique
718 2657 817 2719 restat
846 2657 1024 2736 scrupulus,
1056 2674 1132 2720 num
1162 2655 1240 2720 hanc
1271 2651 1427 2718 ‘omnium

277 2755 433 2824 codicum'
459 2760 648 2842 scripturam
665 2762 710 2823 ita
724 2759 883 2822 rettulerit
906 2758 954 2822 vel
970 2759 1073 2841 potius
1090 2758 1271 2836 contexerit,
1288 2761 1324 2822 ut
1340 2757 1427 2840 quasi

274 2881 353 2946 pura
374 2866 406 2929 in
428 2863 499 2927 luce
522 2861 729 2927 vetustissimi
746 2863 838 2926 lectio
869 2861 958 2925 nobis
988 2859 1203 2944 refulgeat⁹⁷t
1238 2863 1428 2944 quapropter

276 2985 380 3030 omnes
402 2967 468 3030 sius
485 2967 569 3030 modi
585 2965 645 3030 loci
661 2963 774 3030 incerti
790 2967 863 3029 sunt
879 2982 977 3046 neque
993 2963 1027 3027 in
1043 2963 1222 3046 quaestione
1237 2962 1427 3028 absolvenda

275 3070 387 3152 respici
410 3070 543 3150 possunt
564 3068 623 3132 nisi
647 3086 717 3132 oum
740 3068 877 3132 maxima
899 3067 1104 3132 dubitatione.

292 3171 438 3238 Ceterum
463 3172 513 3238 hio
536 3191 657 3255 quoque
679 3171 794 3248 locum,
819 3171 920 3252 qualis
937 3170 1054 3253 legitur
1070 3174 1108 3236 ad
1124 3170 1158 3236 (l.
1174 3171 1190 3234 I
1206 3172 1236 3247 9,
1256 3170 1427 3253 14:‘gocm

188 3277 255 3358 fors
270 3275 403 3340 dieram.
427 3277 504 3341 Fors
527 3274 743 3356 legendum
766 3276 826 3338 est
849 3293 884 3338 ex
907 3273 1091 3338 omnibus
1115 3274 1242 3358 scriptis
1262 3272 1425 3358 antiquis',

187 3381 303 3461 inipso
319 3379 430 3444 statim
446 3379 556 3443 limine
570 3395 696 3460 prorsus
713 3378 907 3442 reiciendum
923 3395 990 3442 esse
1005 3377 1082 3443 satis
1105 3397 1257 3461 superque
1271 3380 1424 3460 adparet.

189 3503 283 3566 quem
306 3503 377 3548 cum
400 3483 512 3548 Hoehn
537 3483 604 3548 sine
626 3483 693 3547 ulla
716 3483 911 3547 dubitatione
935 3485 966 3547 in
988 3483 1123 3548 indicem
1140 3501 1232 3546 suum
1248 3484 1425 3566 recepisset,

189 3586 408 3663 difficultates,
432 3606 509 3670 quae
532 3586 605 3650 huic
628 3585 765 3667 opinioni
788 3587 947 3668 oppositae
962 3587 1044 3665 sunt,
1061 3605 1168 3652 rursus
1185 3586 1266 3650 male
1280 3585 1426 3668 neglexit.

188 3709 261 3756 nam
285 3688 441 3772 Oruquius
464 3689 583 3754 verbis:
610 3686 670 3754 ‘sic
693 3689 862 3773 legendum
884 3693 933 3754 est
963 3708 999 3754 ex
1031 3691 1155 3772 scriptis
1178 3686 1331 3772 antiquis'
1365 3709 1426 3762 non

186 3798 269 3860 idem
292 3793 428 3870 dictitat,
452 3793 534 3876 quod
558 3793 622 3858 his:
641 3790 701 3858 ‘sie
724 3793 842 3876 legitur
865 3791 898 3856 in
921 3811 981 3856 sor.
1006 3787 1079 3859 ant?

289 3897 326 3962 In
349 3897 531 3962 uniuersum
554 3899 660 3962 autem
683 3913 733 3962 eos
759 3895 853 3980 locos,
870 3895 924 3960 ubi
942 3895 979 3960 do
1001 3895 1335 3977 interpunctione
1359 3896 1425 3980 ogit

185 4001 351 4084 Oraquius,
375 4001 465 4066 nauci
488 4019 549 4065 non
573 4020 640 4065 esse
663 4000 821 4065 habendos
845 4003 972 4082 adparet
995 4019 1030 4064 ex
1053 3999 1117 4066 Sat.
1141 3999 1210 4078 16,
1237 3999 1369 4076 117311
1397 4001 1424 4082 1,

184 4103 330 4190 83-863
346 4105 401 4186 Ep.
418 4105 450 4168 ΙΙ
467 4104 496 4182 2,
514 4101 587 4171 205.
611 4104 742 4187 aliisque
758 4104 844 4184 locis,
862 4104 973 4186 quibus
986 4105 1109 4168 innixus
1126 4104 1279 4170 Matthias
1295 4103 1425 4168 demon·

186 4210 300 4273 stravit
323 4228 395 4273 eum
416 4209 677 4290 interpunctionis
706 4209 795 4290 signa
826 4207 952 4272 omnino
983 4225 1043 4272 non
1074 4207 1266 4272 intellexisse
1301 4207 1361 4286 vel,
1397 4207 1425 4270 si

185 4312 297 4391 mavis,
321 4313 489 4378 falsissime
511 4313 571 4378 sibi
595 4309 829 4394 explicasseffl).

189 4417 394 4430 —-——-..

290 4452 322 4520 ²⁷)
341 4450 399 4504 vide
418 4451 501 4504 etiam
521 4450 601 4503 huius
620 4449 683 4503 diss.
703 4465 728 4518 p.
746 4454 779 4502 42
799 4465 856 4518 sqq.

290 4536 323 4608 ¹⁸)
341 4536 492 4604 Neglegam
509 4538 597 4605 igitur
615 4537 684 4590 tales
702 4537 783 4602 locos,
802 4536 890 4605 qualis
909 4537 950 4589 est
968 4534 1023 4588 Sat.
1043 4533 1072 4589 II
1090 4539 1113 4600 3,
1142 4537 1207 4586 282:
1233 4527 1253 4585 ‘.
1266 4575 1270 4585 .
1283 4574 1288 4585 .
1300 4573 1305 4584 .
1317 4571 1340 4584 ..
1363 4532 1425 4586 Non

186 4625 276 4676 autem
305 4623 435 4676 assentior
454 4623 495 4688 iis,
515 4625 561 4692 qui
579 4621 609 4675 τὸ
629 4639 721 4690 unum,
740 4623 905 4692 iungendum
934 4619 1036 4676 ducunt
1062 4619 1214 4689 pronomini
1239 4635 1289 4685 me,
1317 4623 1426 4688 propter

184 4707 341 4762 dedication
360 4713 387 4762 et
405 4709 524 4763 codicum
543 4710 640 4765 Bland.
660 4703 926 4777 interpunctionem'.
