3404 5212
710 387 924 450 ...27-

194 575 408 641 enuntiatumr
420 574 608 641 ‘eishabent
623 577 743 640 cedices
760 574 881 658 seripti'
900 577 958 641 hoe
974 577 1065 640 modu
1079 577 1299 658 intellegamus
1311 592 1436 638 neeesse

195 682 260 744 esi:
279 674 333 743 ‘So
349 677 541 743 uberlieiern
557 698 615 742 uns
630 678 851 761 gesehriebene
866 675 1170 764 Horanexemplare’‚
1187 696 1364 760 aequavero
1380 679 1435 766 ila,

194 786 232 846 ut
245 781 378 848 articulo
394 783 516 847 adiecto
527 780 684 847 dieamus:
696 780 751 848 ‘So
763 781 949 848 fiberliefern
964 800 1023 844 nne
1039 782 1101 846 die
1114 781 1355 863 gesehriebenen
1371 777 1433 847 lla'

298 885 366 949 lam
389 903 460 948 vero
482 887 519 950 tu
541 885 607 967 ipse
630 905 667 950 ex
683 886 738 968 eis,
762 904 840 968 qnae
864 883 956 949 modo
980 884 1144 966 disputata
1165 885 1250 963 sunt,
1269 887 1354 948 reale
1370 887 1437 949 sine

195 988 293 1053 dubio
316 988 394 1054 haee
418 989 614 1055 eonelusisbi=

232 1092 258 1157 Ι.
282 1089 466 1174 (iruquium,
490 1109 562 1156 enm
585 1093 767 1175 compendio
793 1090 920 1158 ‘Bland.
947 1087 1024 1156 eod!
1055 1091 1231 1176 promiscue
1260 1091 1351 1155 modo
1381 1111 1437 1172 pro

282 1195 408 1276 plurali,
434 1195 524 1259 modo
554 1213 608 1277 pro
637 1196 790 1279 singulari
821 1214 949 1260 numero
980 1213 1072 1260 usam
1101 1213 1169 1260 esse
1197 1195 1275 1258 satis
1306 1195 1436 1271 constet,

283 1317 483 1382 nequaquam
516 1304 623 1363 tamen
658 1299 775 1382 plurali
811 1316 955 1364 numere:
982 1295 1155 1363 ‘Blandinii
1189 1295 1321 1363 aodlaes'
1353 1299 1437 1362 idem

286 1403 472 1487 significare,
503 1404 584 1484 quod
608 1403 710 1468 verbis
727 1400 849 1468 ‘omnes
874 1403 939 1486 (vel
956 1397 1145 1485 ‘quattuor’i
1169 1397 1290 1468 laland?
1316 1403 1438 1484 quade

287 1523 381 1571 eausa
403 1524 512 1570 omnes
534 1505 600 1570 eius
622 1505 708 1571 modi
730 1506 814 1571 loeus
832 1507 872 1570 ad
887 1505 1026 1569 nostram
1042 1505 1257 1586 quaestionem
1274 1506 1439 1589 expedien-

285 1609 357 1674 dam
380 1609 499 1673 nullius
522 1627 645 1692 prorsus
662 1628 730 1674 esse
752 1608 959 1674 auctoritatis

216 1713 259 1779 II.
283 1713 378 1777 Haud
395 1715 488 1777 aliter
503 1731 555 1778 eos
570 1731 691 1795 quoque
706 1713 799 1790 locos,
814 1710 869 1776 ubi
884 1707 1075 1793 de‘seriptis
1092 1708 1264 1776 eodiaibus'
1283 1709 1438 1793 Oruquius

285 1817 421 1896 rettulit,
452 1816 545 1880 nauei
574 1833 636 1880 non
665 1833 732 1880 esse
762 1813 932 1892 habendos,
964 1833 1035 1879 enm
1062 1815 1249 1897 praesertim
1280 1817 1357 1880 neta
1384 1817 1439 1878 illa

286 1938 348 1984 non
370 1937 502 1984 amnes
526 1919 656 2000 abdices,
686 1922 738 1985 sed
757 1918 951 2001 quosdam
979 1919 1106 1984 lantum
1136 1919 1307 2001 significari
1337 1919 1439 1983 mani-

286 2023 403 2087 festum
426 2023 479 2088 sib.

305 2127 365 2192 Sed
388 2129 574 2210 priusquam
597 2125 636 2192 ad
659 2128 754 2192 aliam
777 2129 976 2190 transeamus
1000 2125 1223 2208 quaestionem,
1252 2128 1440 2190 menendum

203 2249 272 2296 esse
293 2231 418 2296 videtur
440 2249 477 2296 ex
505 2232 569 2296 isla
591 2229 719 2312 Oruquii
748 2229 983 2306 consuetudine,
1013 2247 1075 2310 qua
1103 2228 1229 2293 innixus
1259 2229 1440 2312 compendio

195 2329 278 2400 ‘aod
303 2329 422 2398 Bland'
447 2333 540 2404 modo
562 2351 617 2416 pro
639 2333 766 2416 plurali,
790 2333 882 2397 mede
905 2349 961 2414 pre
976 2331 1131 2413 singulari
1146 2349 1276 2396 numero
1291 2351 1366 2397 usus
1382 2339 1440 2408 esi,

203 2437 311 2520 paucis
333 2437 410 2502 loeis
433 2456 561 2522 gravem
583 2439 688 2502 enasci
710 2436 943 2501 difficultatem.
969 2442 1044 2500 sunb
1072 2453 1146 2500 vero
1174 2436 1208 2500 hi
1236 2436 1313 2500 loei:
1344 2436 1440 2518 Eped.

203 2540 233 2617 2,
251 2539 302 2606 69.
321 2537 460 2603 ‘omnem
482 2539 601 2622 redegit
625 2539 729 2604 idibus
746 2541 932 2619 pecaniam.
957 2543 1001 2604 sie
1023 2540 1142 2605 habent
1165 2544 1299 2622 quatuor
1322 2541 1440 2604 cedices

203 2644 315 2710 Bland.
340 2649 371 2707 ab
401 2643 579 2708 Buslidiani
608 2643 669 2707 duo
701 2661 773 2707 aum
803 2644 916 2708 Diuaei
945 2640 1095 2722 ......';
1126 2644 1191 2708 Sat.
1214 2645 1231 2707 Ι
1256 2647 1283 2718 l,
1305 2643 1338 2709 8.
1362 2641 1443 2708 ‘ceta

203 2765 297 2812 mors.
321 2747 367 2811 sie
396 2747 515 2812 habent
542 2748 564 2810 4
588 2747 705 2811 cedices
734 2747 847 2810 Bland.
871 2747 968 2812 Tons.
995 2745 1066 2811 Diu.
1092 2750 1123 2810 eb
1155 2743 1275 2828 Marl.';
1308 2745 1384 2813 ibid.
1410 2750 1442 2814 ΙΙ

203 2853 235 2932 2,
251 2851 308 2927 83;
320 2847 512 2918 ‘eduensem
537 2852 582 2915 sie
597 2850 747 2915 habent4
763 2850 831 2914 eod.
846 2850 956 2914 Bland.
971 2851 1061 2913 Busl.
1079 2849 1159 2913 Nan.
1177 2851 1272 2916 Mari.
1291 2899 1363 2917 ....
1378 2899 1385 2916 .
1399 2849 1442 2933 .';

204 2955 279 3020 ibid.
305 2955 335 3032 3,
360 2955 416 3020 39:
434 2951 482 3018 ‘in
505 2955 526 3018 4
549 2954 614 3019 aad.
641 2954 754 3032 Bland.
779 2952 873 3016 Mart.
895 2953 986 3016 Tuus.
1011 2955 1044 3016 eb
1066 2951 1122 3017 Sil.
1147 2952 1271 3034 legitur,
1296 2953 1394 3037 angit,
1411 2955 1443 3019 in

205 3059 287 3135 aliis,
310 3055 434 3143 urgel';
463 3059 520 3142 Ep.
546 3059 559 3122 Ι
585 3058 634 3129 16,
665 3058 719 3122 40.
739 3055 782 3120 ‘et
810 3057 1043 3122 eaediwadum.
1074 3106 1191 3123 ......
1231 3059 1309 3122 hana
1338 3063 1443 3122 autem

205 3161 372 3226 lectionem
395 3162 513 3225 habent
534 3159 557 3224 4
579 3161 645 3228 aod.
670 3160 817 3226 Blandin.
841 3161 929 3224 Busl.
954 3159 1045 3224 Tons.
1076 3161 1109 3223 et
1132 3159 1189 3224 Sil.
1220 3157 1348 3228 ......'
1380 3162 1443 3225 iam

205 3283 279 3330 vere
308 3264 417 3330 stetim
448 3264 600 3330 conferas:
631 3263 664 3329 0.
690 3265 739 3327 ΙΙΙ
767 3261 856 3328 122‘
868 3311 984 3330 ......
992 3264 1137 3328 abaliud
1168 3263 1260 3346 lenge
1290 3267 1377 3329 nobis
1406 3266 1444 3329 eb

207 3369 312 3433 oeulos
335 3369 457 3450 pennnl
480 3371 562 3431 tres
586 3367 731 3450 scripti
755 3367 909 3431 codices
933 3367 1043 3432 Bland.
1067 3367 1228 3448 antiquiss.
1253 3367 1390 3449 Maldeg.
1414 3371 1446 3432 eb

209 3469 304 3535 Mart.
335 3467 482 3554 ......';
505 3469 571 3534 Sal.
596 3471 630 3534 II
653 3469 683 3543 7,
707 3471 759 3538 35.
784 3467 951 3552 ‘furisque
976 3471 1021 3534 sia
1044 3471 1143 3534 libri
1167 3473 1311 3552 seripti
1335 3471 1444 3537 Bland.

209 3575 459 3657 antiquissimus,
492 3573 584 3638 Tons.
615 3574 701 3639 Busl.
730 3573 784 3639 Sil.
816 3569 963 3652 ......’;
994 3574 1050 3654 Ep.
1081 3574 1095 3636 l
1128 3575 1177 3651 15,
1208 3576 1256 3639 15.
1285 3571 1446 3654 ‘puteosne

205 3679 374 3760 pereundis
397 3676 500 3742 dulcis
522 3697 635 3758 equae.
660 3679 704 3740 sie
720 3675 837 3740 babent
861 3676 932 3740 duo
955 3675 1032 3762 apd.
1050 3678 1192 3740 Maubai
1210 3677 1319 3742 Bland.
1336 3675 1443 3760 antiq?

208 3781 287 3846 ibid.
313 3781 362 3857 16,
382 3782 410 3845 3.
441 3777 598 3861 ‘pomisne
620 3799 664 3842 aa
683 3779 799 3859 prelis.
824 3780 869 3842 ita
891 3781 975 3842 bras
998 3783 1075 3843 eod.
1103 3779 1196 3843 Mart.
1214 3779 1269 3844 Sil.
1286 3781 1318 3844 eb
1335 3781 1445 3845 Bland.

209 3886 320 3967 legunt
349 3930 465 3950 ......
469 3879 478 3906 '
504 3901 580 3965 quos
604 3883 731 3964 quidem
753 3884 837 3947 loeas
865 3885 891 3946 si
924 3902 996 3947 eum
1018 3883 1063 3948 eis
1093 3888 1237 3948 aeeurabe
1265 3885 1445 3966 contuleris,

209 4007 285 4072 quos
307 3987 413 4069 paullo
437 3989 510 4051 ante
531 3987 793 4061 enumeravimus,
817 3987 881 4051 iam
903 3985 1023 4051 videbis
1038 4005 1100 4052 non
1117 4006 1203 4070 pesse
1220 3987 1311 4066 effici,
1336 3993 1444 4053 ulrum

209 4091 305 4157 illud:
335 4086 394 4153 ‘sie
422 4089 537 4152 babenb
567 4090 700 4170 quatuor
729 4090 793 4153 eod.
824 4090 936 4155 Bland.
961 4091 1054 4156 Tene.
1087 4093 1158 4157 Diu.
1182 4093 1214 4155 eb
1234 4088 1340 4157 Mart?
1364 4092 1448 4156 idem

211 4193 375 4275 signifieat,
398 4191 494 4273 quod:
513 4188 573 4255 ‘sie
594 4191 711 4255 habent
733 4193 866 4273 quatuor
883 4195 1046 4259 Blandinii
1069 4213 1143 4259 nee
1166 4215 1240 4259 non
1263 4195 1357 4261 Tene.
1383 4195 1445 4260 Diu

210 4293 324 4372 Mart.'‚
341 4314 379 4359 an
396 4296 491 4370 idem,
507 4295 587 4377 quod
603 4295 713 4359 verba:
731 4291 791 4362 ‘sie
810 4297 928 4362 habent
951 4303 1085 4379 quatuor
1107 4299 1238 4374 sedisse,
1263 4299 1330 4364 dieo
1353 4300 1447 4366 Blan-

212 4399 344 4479 dinium,
368 4399 460 4463 Tene.
484 4399 554 4462 lllu.
578 4394 680 4464 Mart?
706 4415 776 4462 aum
805 4399 904 4484 igilur
933 4419 992 4465 non
1018 4401 1115 4483 possib
1138 4401 1312 4478 diiudicari,
1343 4405 1449 4467 utrum

213 4503 368 4586 Oruquius
385 4505 573 4584 quattuor
587 4501 763 4568 Blandiniis
788 4521 826 4568 an
844 4505 909 4568 uni
926 4507 1051 4568 tantum
1069 4505 1234 4570 Blandinio
1245 4503 1283 4584 ¹⁷)
1301 4505 1449 4570 leebienes

213 4627 418 4638 ....——0—-1

318 4673 348 4739 ¹⁷)
366 4673 400 4728 al.
420 4690 444 4742 p.
464 4678 494 4725 21
516 4688 556 4741 sq.
