3404 5212
873 1249 954 1332 L.

369 1419 403 1518 Ρ
405 1452 531 1529 dmum,
566 1453 603 1516 ut
634 1456 720 1518 certa
752 1452 978 1538 disputationis
1012 1451 1218 1518 fundamenta
1251 1473 1415 1536 ponamus,
1445 1475 1505 1539 qno

267 1560 359 1626 modo
383 1558 513 1643 cruquri
536 1559 726 1626 editionibus
750 1564 878 1626 utamur
901 1578 1044 1626 necessse
1066 1560 1119 1634 511,
1143 1561 1359 1644 exponendum
1383 1566 1439 1628 est.

370 1664 498 1730 Etenim
521 1662 650 1747 Oruquii
672 1664 824 1730 editiones
847 1666 955 1730 extant
977 1664 1050 1728 bas:
1069 1660 1121 1744 Ὦ.
1145 1663 1271 1730 Horatii
1300 1665 1406 1732 Flacci
1430 1665 1506 1733 (lar-

266 1768 390 1833 minum
411 1768 493 1834 liber
514 1767 570 1833 IV.
593 1786 629 1832 ex
654 1768 803 1850 antiquis.
826 1766 904 1832 Mss.
923 1764 1019 1832 (lodd.
1043 1780 1124 1832 cum·
1139 1769 1374 1834 commentariis
1390 1770 1506 1836 Acroui

158 1953 163 1968 ἱ
267 1876 300 1935 51
322 1870 530 1954 Porphyricni
552 1870 729 1954 adscriptis.
764 1869 865 1954 Opera
887 1869 994 1936 iacobi
1017 1869 1147 1952 Cmqnii
1162 1871 1323 1938 Messenii.
1353 1874 1504 1938 lliusdem

265 1974 301 2040 in
324 1976 458 2040 eundem
492 1975 719 2040 annotationes.
754 1973 847 2057 Apud
869 1973 1005 2039 Hubert.
1031 1972 1203 2039 65115155.
1240 1975 1335 2058 Brug.
1370 1976 1504 2041 Hlandr.

269 2073 371 2146 1565.’
401 2076 433 2145 8.
456 2113 498 2126 -
515 2075 568 2158 Ὦ.
591 2077 668 2144 Hor.
697 2078 745 2142 nl.
775 2077 902 2160 Hpodon
930 2076 1022 2158 liber,
1058 2096 1095 2142 en
1124 2077 1354 2161 antiquissimis
1384 2081 1505 2163 septem

268 2180 426 2246 codicibus
451 2179 684 2262 manuscriptis,
708 2198 779 2244 cum
794 2180 1029 2246 commentariis
1046 2181 1183 2264 antiquis
1214 2182 1398 2247 emendatus
1425 2187 1502 2248 cett.

268 2283 517 2367 Antnsrpiaeer
538 2283 621 2348 ostio.
645 2281 718 2348 Chr.
744 2283 894 2358 Plautini,
921 2281 1020 2350 1567.’
1047 2284 1078 2349 8.
1103 2323 1145 2334 -
1163 2281 1213 2365 ‘Q
1240 2286 1315 2351 Hor.
1339 2285 1389 2352 Fi.
1412 2287 1498 2368 Saty-

267 2405 384 2468 rarum,
407 2405 462 2450 seu
484 2385 590 2468 potius
613 2385 809 2469 delegatum,
833 2385 908 2452 libri
931 2387 973 2452 11.
997 2389 1043 2453 Hx
1064 2388 1229 2472 antiquiss.
1255 2389 1400 2454 undecim
1416 2392 1504 2455 codd.

267 2508 342 2555 mss.
375 2507 447 2555 cum
476 2489 614 2572 antiquis
644 2491 877 2554 commentariis
907 2487 992 2556 cett?
1023 2491 1100 2557 ibid.
1127 2491 1219 2558 1573.
1244 2493 1273 2558 8.
1298 2529 1341 2541 -
1363 2494 1505 2576 sequitur

267 2593 391 2676 integra
413 2590 508 2656 editio
531 2610 556 2656 5.
579 2595 603 2656 1.
627 2588 679 2671 ‘Q
704 2593 854 2656 Horatius
876 2593 1016 2672 ulaeeus,
1041 2613 1077 2658 er
1100 2594 1328 2678 antiquissimis
1360 2596 1505 2660 undecim

268 2696 322 2761 lib.
346 2715 389 2759 m.
414 2713 438 2760 s.
473 2698 505 2759 et
539 2694 662 2760 scbedis
696 2695 818 2778 aliquot
853 2697 1047 2773 emendatus,
1082 2700 1114 2762 et
1145 2699 1290 2780 plurimis
1323 2699 1400 2763 15515
1433 2717 1504 2764 cunr

205 2811 208 2818 '
267 2797 505 2866 Commentariis
527 2799 666 2882 antiquis
690 2809 878 2883 expurgatus
906 2805 939 2865 et
967 2801 1087 2879 editus,
1118 2821 1210 2884 opera
1238 2803 1342 2867 Iacobi
1373 2804 1502 2885 (truquii

268 2901 417 2968 Messenii
439 2904 521 2985 apud
556 2904 719 2988 Bruganos
747 2903 902 2987 politioris
933 2905 1131 2970 litteraturae
1158 2905 1342 2987 professoris
1372 2906 1502 2988 publici.

267 3008 415 3072 Hiusdom
438 3009 471 3072 in
494 3011 626 3074 eundem
649 3009 873 3086 enarrationes,
897 3007 1139 3083 observationes,
1164 3010 1196 3072 et
1219 3010 1323 3074 variae
1343 3010 1501 3085 lectiones,

267 3130 337 3176 cum
361 3111 432 3176 aliis
455 3112 642 3194 quibusdam
664 3116 696 3176 et
712 3112 813 3175 indice
829 3109 1084 3192 locupletissimo.
1110 3111 1308 3193 Antverpiae,
1325 3130 1361 3175 ex
1376 3111 1505 3176 officina

267 3212 484 3296 christophori
518 3213 667 3291 Plautini,
706 3213 991 3296 architypograpbi
1024 3213 1126 3298 Regii.
1152 3210 1253 3280 1578!
1278 3215 1311 3280 4.
1336 3213 1501 3294 -Quam

265 3317 434 3382 editionem
469 3335 548 3398 quae
571 3336 625 3401 per
648 3321 777 3382 centum
799 3334 896 3382 55555
918 3317 1080 3382 insecutae
1103 3321 1178 3383 sunt
1209 3318 1406 3394 recentiores,
1440 3337 1502 3383 norr

265 3441 372 3487 omnes
395 3421 524 3504 abipso
548 3420 683 3504 Oruquio
706 3423 780 3485 sunt
803 3425 944 3497 curatae3
969 3439 1042 3485 nam
1066 3439 1144 3503 quae
1166 3422 1307 3503 prodiere
1336 3439 1382 3486 aa.
1410 3420 1502 3500 1597,

268 3525 360 3605 1603,
386 3523 479 3604 1611,
505 3525 597 3603 1629,
623 3522 714 3601 1678,
739 3543 791 3588 555
814 3523 1499 3607 515555555165555115511551551115155

266 3648 341 3704 esse,
364 3628 431 3695 iam
452 3628 602 3713 Suringar
623 3628 711 3712 (bist.
736 3629 804 3692 crit.
829 3628 925 3693 schol.
950 3629 1005 3694 lat.
1028 3648 1059 3711 p.
1084 3627 1150 3708 63.)
1184 3632 1215 3693 et
1239 3629 1339 3710 Pauly
1365 3629 1499 3709 (quaest.

267 3734 342 3798 Hor.
365 3751 407 3797 cr.
431 3752 462 3815 p.
490 3735 505 3796 l
530 3733 590 3813 sq.)
607 3736 691 3795 reete
710 3729 1006 3796 animadverterunt.
1045 3732 1153 3796 erbis
1177 3733 1284 3796 autem
1299 3730 1500 3810 editionibus,

267 3838 357 3900 modo
391 3834 652 3915 commemoratis,
685 3833 848 3913 Meneslt,
882 3835 970 3901 Iauio
1007 3835 1059 3918 (51.
1091 3835 1188 3919 praef.
1218 3854 1248 3917 p.
1278 3834 1343 3915 37.)
1369 3835 1502 3917 aliisque

266 3939 534 4022 praecedentibus,
565 3939 743 4015 editionem,
772 3958 800 4003 a.
819 3939 910 4003 1611.
934 3940 1016 4004 foras
1040 3939 1158 4021 datam,
1182 3975 1223 3986 -
1247 3939 1359 4004 ceteris
1384 3940 1499 4003 mirum

266 4045 297 4108 in
321 4041 448 4108 modum
471 4060 597 4124 prorsus
621 4042 772 4126 neglectis
797 4081 833 4091 -
854 4042 949 4124 qua'si
984 4041 1257 4107 commentationis
1291 4060 1365 4106 suae
1388 4042 1503 4106 funda·

266 4151 406 4212 mentum
439 4144 545 4229 posuit
579 4143 671 4228 idque
703 4144 762 4209 boc
794 4144 886 4210 modo
909 4147 1126 4209 commendare
1150 4145 1282 4223 studuit,
1313 4149 1350 4209 51
1373 4146 1499 4220 diceret,

259 4247 359 4314 ‘viros
392 4252 497 4314 doctos
533 4249 705 4313 editionem
738 4248 828 4313 illam
862 4251 898 4312 ut
921 4247 1140 4313 correctiorem
1162 4247 1291 4331 reliquis
1313 4265 1501 4333 praeponere

266 4349 488 4419 consuevisse'.
513 4373 590 4437 quae
612 4355 738 4436 quidem
762 4351 855 4416 verba
877 4352 945 4418 viro
967 4352 1015 4417 illi
1039 4353 1128 4418 docto
1152 4352 1241 4437 quasi
1264 4352 1363 4417 invito
1387 4369 1423 4416 er
1446 4369 1499 4414 ore

370 4599 391 4660 ¹)
410 4579 483 4648 llber
501 4592 526 4650 d.
547 4591 621 4646 Wert
640 4592 665 4644 d.
684 4591 747 4646 Cod.
768 4591 863 4648 Bland.
883 4595 946 4645 cett.
966 4608 992 4660 p.
1013 4597 1052 4644 13.

360 5044 669 5196 Δ
