3404 5212
736 357 927 420 „7-

214 543 382 628 Cruquius:
413 541 571 628 ‘superbo
607 545 727 610 hahent
760 561 881 611 omnes
902 545 968 611 lib,
996 546 1106 628 scripti
1141 547 1208 611 sine
1242 547 1310 612 ulla
1338 547 1450 620 litura;

213 646 402 714 Lambinnm
424 651 530 714 tomen
553 647 702 730 exprimo,
727 649 896 724 veteribus,
920 652 956 714 ut
979 649 1034 724 ait,
1058 648 1178 730 aliquot
1201 649 1291 714 libris
1315 649 1450 714 fretum:

213 751 295 832 quod
317 750 454 834 profecto
477 770 538 816 non
563 751 708 832 facerem,
744 751 804 816 nisi
827 751 965 816 viderem
991 771 1059 818 eam
1082 751 1246 819 lectionem
1282 754 1359 816 satis
1383 751 1450 818 'esse

215 872 285 919 vero
309 852 500 932 consonem',
525 855 580 922 sed
613 855 645 920 in
678 859 826 920 contextu
861 855 981 938 legitur
998 852 1173 937 ‘superbo'3
1205 853 1240 920 O.
1265 855 1315 920 III
1338 855 1369 930 3,
1392 855 1451 920 53:

223 956 296 1024 Ood.
320 957 416 1022 Mald.
442 957 540 1022 hahet
562 957 682 1037 mundi,
706 977 798 1041 quem
825 959 951 1024 secutus
975 977 1046 1024 sum
1068 958 1196 1042 propter
1219 959 1360 1039 apertam
1382 975 1451 1023 sen-

213 1061 363 1128 tentiam:
379 1060 493 1142 reliqui
508 1079 614 1126 omnes
631 1061 753 1126 hahent
768 1062 896 1136 mundo,
913 1081 985 1126 cum
1001 1061 1154 1143 vulgatis:
1172 1079 1266 1144 qnam
1282 1060 1452 1126 lectionem

211 1182 273 1230 non
296 1165 422 1247 quidem
444 1164 569 1244 damno,
594 1166 648 1230 sed
670 1166 796 1248 propter
819 1165 941 1248 ellipsin
963 1165 1203 1248 praepositionis
1226 1165 1322 1230 aliam
1338 1161 1450 1240 malo'‚

211 1267 243 1333 in
268 1268 415 1332 contextu
437 1272 543 1334 tamen
559 1286 740 1350 expressum
756 1271 807 1332 est
818 1265 975 1350 ‘mundo';
991 1267 1057 1334 sat.
1074 1269 1090 1332 Ι
1105 1269 1136 1346 3,
1154 1257 1212 1334 65:
1230 1265 1303 1332 ‘oct
1318 1267 1452 1331 tacitam

211 1369 364 1452 torpcttot.
403 1370 449 1440 sic
478 1371 594 1436 hahent
624 1389 731 1436 omnes
761 1391 836 1454 quos
865 1373 929 1456 legi
959 1372 1177 1453 manuscripti,
1202 1389 1297 1453 quare
1320 1388 1386 1436 noo·
1405 1369 1452 1434 fui

211 1492 305 1540 ansus
339 1479 462 1540 mutere
499 1474 683 1556 lectionem,
721 1476 907 1556 praesertim
941 1481 1022 1557 qnod
1058 1475 1091 1542 in
1126 1477 1197 1542 Diu.
1234 1474 1338 1540 codice
1373 1473 1450 1540 haec
1510 1546 1511 1550 Ἰ
1610 1458 1613 1466 ’

212 1579 365 1642 adnotate
398 1578 441 1642 sit
474 1577 711 1661 interpretatio,
745 1579 890 1662 impellat
924 1579 965 1644 ad
987 1576 1094 1655 iram'‚
1129 1577 1163 1644 iu
1186 1577 1313 1644 Horatii
1348 1577 1451 1643 verbis

212 1681 312 1746 extatz
325 1678 394 1746 ‘aut
410 1681 542 1746 tacitum
558 1679 738 1764 appollem’3
755 1683 811 1765 Ep.
829 1682 846 1746 I
862 1681 891 1760 2,
905 1681 945 1746 51
956 1709 963 1746 ε
975 1678 1102 1744 ‘domos
1118 1685 1146 1744 ct
1160 1699 1218 1746 res.
1236 1680 1280 1745 sic
1296 1681 1450 1763 scriptum

211 1783 259 1848 est
281 1783 315 1848 in
338 1784 484 1850 omnibus
514 1784 681 1863 codicibus,
712 1804 731 1850 a
754 1787 866 1868 quibus
897 1804 960 1852 non
996 1783 1247 1850 dissentiendum
1270 1780 1401 1869 credo',
1419 1787 1453 1848 at

211 1888 243 1950 in
277 1888 424 1952 contentu
452 1887 582 1970 legitur:
613 1885 738 1954 ‘domus
761 1891 817 1954 ant
851 1887 927 1954 res'.
964 1907 1035 1954 cum
1059 1889 1121 1954 alia
1155 1887 1251 1954 etiam
1275 1887 1451 1952 eiusmodi

212 1989 353 2072 exempla
375 2009 435 2056 non
458 2009 558 2073 pauca
580 1991 645 2058 sint
667 1993 700 2060 in
722 1996 879 2077 promptu,
902 1993 967 2059 iem
990 2011 1054 2059 una
1077 2011 1112 2060 ex
1135 1996 1225 2076 parte
1254 1993 1448 2058 demonstra.

209 2092 323 2172 rimus,
340 2096 466 2175 quanta
488 2113 564 2160 usus
587 2095 631 2160 sit
654 2094 806 2178 Cruqnius
830 2097 863 2162 in
886 2097 976 2162 libris
999 2097 1062 2162 suis
1085 2095 1313 2162 conseribendis
1336 2093 1451 2161 inertia

211 2201 305 2278 atque
328 2198 471 2280 segnitie.
497 2217 596 2281 neque
617 2199 758 2282 prolecto
782 2199 847 2266 iam
868 2201 917 2265 his
940 2201 1016 2268 locis
1040 2202 1140 2266 vereri
1163 2201 1323 2272 dehemus,
1354 2217 1394 2262 ne
1416 2199 1451 2280 ii,

210 2301 264 2381 qui
287 2299 418 2382 Cruquii
441 2302 653 2366 enarrationes
683 2321 777 2384 quam
808 2303 1051 2370 dilucidissimas
1080 2304 1182 2369 dicere
1211 2307 1450 2380 consueverunt,

210 2404 396 2472 defendendi
419 2425 515 2475 ceusu,
534 2407 766 2488 typothetarum
791 2425 917 2487 errores,
949 2411 984 2473 ut
1017 2408 1130 2489 solent,
1167 2411 1305 2474 statuere
1339 2406 1451 2471 velint.

211 2509 285 2589 quid
309 2509 407 2590 igitur
430 2509 555 2574 multa?
577 2513 662 2575 certe
692 2510 724 2574 in
749 2511 873 2576 Horatii
912 2512 1016 2578 verbis
1051 2512 1280 2578 constituendis
1315 2511 1451 2575 maxima
1510 2593 1512 2600 Ι

212 2630 289 2676 cum·
307 2611 436 2676 levitate
459 2617 600 2678 versatus
631 2616 678 2677 est
700 2612 872 2697 Cruqnius;
908 2634 982 2700 nem
1017 2635 1117 2698 neque
1150 2633 1277 2699 prorsus
1300 2617 1338 2679 ad
1360 2632 1451 2678 suum

211 2714 362 2780 iudicium
397 2733 433 2779 ee
466 2717 624 2780 recensuit
658 2735 757 2800 neque
790 2717 926 2783 fideliter
960 2720 1107 2784 editionis
1141 2719 1306 2784 cuiusdam
1336 2717 1450 2799 pressit

212 2815 358 2900 vestigia
378 2820 483 2900 itaque
505 2809 619 2898 textus,
644 2819 746 2901 qualis
769 2822 851 2904 apud
875 2841 947 2890 eum
970 2822 1099 2906 legitur,
1129 2822 1192 2888 fere
1215 2811 1339 2890 nullum
1362 2820 1451 2886 nohis

209 2921 336 3002 praehet
359 2921 516 3002 fructum;
541 2923 573 2986 in
596 2941 659 2987 una
682 2925 808 2988 tantum
832 2945 873 3001 ro,
898 2926 936 2990 de
959 2945 1019 3008 qua
1031 2925 1138 3009 paullo
1154 2925 1237 2990 infra
1252 2943 1354 2990 sermo
1378 2925 1449 3002 erit,

211 3042 272 3088 non
295 3024 409 3108 ubique
433 3028 481 3090 est
504 3029 793 3108 contemnendusl).

293 3199 300 3208 ,
313 3129 432 3194 Deinde
456 3147 565 3210 corpus
589 3129 668 3194 illud
692 3130 891 3210 scholiorum,
915 3133 947 3196 in
970 3151 1030 3214 quo
1054 3133 1264 3218 componendo
1291 3130 1448 3214 Grnquius

209 3235 240 3294 et
264 3225 365 3298 varios
390 3233 509 3298 codices
534 3238 565 3298 et
589 3239 709 3300 veteres
732 3235 883 3300 editiones
902 3237 1029 3300 secutus
1046 3239 1103 3314 est,
1121 3237 1202 3302 nihil
1219 3255 1346 3319 prorsus
1362 3235 1450 3302 reret

209 3337 248 3400 ad
272 3353 351 3414 eam,
376 3357 468 3419 quam
492 3356 547 3402 nos
571 3341 739 3406 tractaturi
762 3357 883 3415 sumus,
911 3341 1135 3422 quaestionem,
1154 3359 1237 3406 cum
1262 3337 1448 3422 praesertim

210 3438 284 3520 quid
314 3441 412 3521 ipsius
443 3440 573 3524 Cruquii
603 3441 753 3522 arbitrio,
785 3444 860 3526 quid
898 3443 997 3508 codici
1030 3445 1251 3526 antiquissimo
1289 3443 1450 3518 debeatur,

209 3544 336 3608 omnino
353 3545 402 3609 'sit
427 3544 653 3630 ambiguum).
1279 3603 1282 3610 ,,

311 3645 368 3728 Qui
393 3647 491 3730 igitur
514 3647 629 3714 codicis
647 3650 858 3732 antiquissimi
874 3649 1057 3716 lectionesa
1073 3649 1208 3734 Oruquio
1224 3653 1363 3734 prolatas
1383 3649 1446 3717 sibi

210 3744 1449 3838 congerendasproposuerit,certeipsumtantummodo‘druquium'

209 3855 388 3920 excutiat
413 3873 577 3920 necesse
600 3860 670 3920 est.

794 3979 863 4060 ΙΙΙ.

247 4127 248 4132 ’
311 4111 423 4194 Itaque
446 4114 556 4178 statim
580 4115 620 4178 ed
637 4114 798 4198 negotium
816 4134 921 4180 meum
939 4115 1055 4181 codicis
1073 4116 1100 4178 V
1116 4117 1265 4181 lectiones
1282 4115 1447 4198 colligendi

209 4213 340 4298 adgredi
364 4213 482 4292 liceret,
518 4217 579 4280 nisi
601 4221 694 4284 antea
716 4237 828 4302 graves
855 4220 1008 4302 quaedam
1038 4219 1243 4286 difficultates
1275 4220 1452 4284 necessario
1502 4224 1515 4232 “

209 4321 312 4382 essent
335 4317 502 4384 tollendae.
557 4325 652 4403 atque
674 4342 709 4388 ex
731 4323 786 4402 eis,
818 4341 896 4405 quae
919 4323 1026 4406 paullo
1049 4343 1144 4405 supra
1167 4326 1203 4388 de
1232 4323 1353 4388 diversa
1382 4325 1451 4387 edi*

313 4492 332 4559 ⁴)
350 4490 410 4542 vide
429 4506 455 4558 p·
473 4495 507 4542 44
526 4507 565 4560 s‘l-

312 4577 332 4642 5)
352 4577 385 4632 er.
405 4576 504 4632 uarro.
525 4578 543 4632 r.
564 4595 584 4632 ο.
604 4595 630 4647 o·
651 4583 683 4632 2⁹
703 4596 760 4649 sut·
