<?xml version="1.0" encoding="UTF-8"?>
<!DOCTYPE html PUBLIC "-//W3C//DTD XHTML 1.0 Transitional//EN"
    "http://www.w3.org/TR/xhtml1/DTD/xhtml1-transitional.dtd">
<html xmlns="http://www.w3.org/1999/xhtml" xml:lang="en" lang="en">
 <head>
  <title>
</title>
<meta http-equiv="Content-Type" content="text/html;charset=utf-8" />
  <meta name='ocr-system' content='tesseract 3.04.00' />
  <meta name='ocr-capabilities' content='ocr_page ocr_carea ocr_par ocr_line ocrx_word'/>
</head>
<body>
  <div class='ocr_page' id='page_1' title='image "./decruquiicodice00kukugoog_0022.png"; bbox 0 0 3404 5212; ppageno 0'>
   <div class='ocr_carea' id='block_1_1' title="bbox 704 346 916 438">
    <p class='ocr_par' dir='ltr' id='par_1_1' title="bbox 704 346 916 438">
     <span class='ocr_line' id='line_1_1' title="bbox 704 346 916 438; baseline -0.009 -16"><span class='ocrx_word' id='word_1_1' title='bbox 704 346 916 438; x_wconf 64' lang='lat'>-13‘-</span> 
     </span>
    </p>
   </div>
   <div class='ocr_carea' id='block_1_2' title="bbox 178 561 1443 734">
    <p class='ocr_par' dir='ltr' id='par_1_2' title="bbox 178 561 1443 734">
     <span class='ocr_line' id='line_1_2' title="bbox 178 561 1443 638; baseline -0.002 -8"><span class='ocrx_word' id='word_1_2' title='bbox 178 564 213 630; x_wconf 80' lang='lat' dir='ltr'>C.</span> <span class='ocrx_word' id='word_1_3' title='bbox 236 563 303 630; x_wconf 86' lang='lat'>1111</span> <span class='ocrx_word' id='word_1_4' title='bbox 325 563 357 638; x_wconf 77' lang='lat'>2,</span> <span class='ocrx_word' id='word_1_5' title='bbox 380 561 412 629; x_wconf 88' lang='grc'>6.</span> <span class='ocrx_word' id='word_1_6' title='bbox 609 563 688 626; x_wconf 82' lang='lat' dir='ltr'>ed..</span> <span class='ocrx_word' id='word_1_7' title='bbox 703 561 796 628; x_wconf 78' lang='lat'>1565.</span> <span class='ocrx_word' id='word_1_8' title='bbox 824 561 857 627; x_wconf 83' lang='grc'>0.</span> <span class='ocrx_word' id='word_1_9' title='bbox 881 562 1001 638; x_wconf 79' lang='grc' dir='ltr'><strong>Ι1112,</strong></span> <span class='ocrx_word' id='word_1_10' title='bbox 1025 563 1055 627; x_wconf 85' lang='lat'>6.</span> <span class='ocrx_word' id='word_1_11' title='bbox 1207 617 1210 624; x_wconf 96' lang='lat'><em>.</em></span> <span class='ocrx_word' id='word_1_12' title='bbox 1276 563 1324 630; x_wconf 85' lang='lat' dir='ltr'>ed.</span> <span class='ocrx_word' id='word_1_13' title='bbox 1349 562 1443 628; x_wconf 73' lang='lat'>1578.</span> 
     </span>
     <span class='ocr_line' id='line_1_3' title="bbox 352 663 1263 734; baseline -0.001 -1"><span class='ocrx_word' id='word_1_14' title='bbox 352 663 623 734; x_wconf 74' lang='lat' dir='ltr'>‘Commentator&#39;.</span> <span class='ocrx_word' id='word_1_15' title='bbox 990 663 1263 734; x_wconf 81' lang='lat' dir='ltr'>‘Commentator&#39;.</span> 
     </span>
    </p>
   </div>
   <div class='ocr_carea' id='block_1_3' title="bbox 354 785 1446 1286">
    <p class='ocr_par' dir='ltr' id='par_1_3' title="bbox 354 785 1446 1286">
     <span class='ocr_line' id='line_1_4' title="bbox 818 785 1445 874; baseline 0.008 -23"><span class='ocrx_word' id='word_1_16' title='bbox 818 785 934 869; x_wconf 75' lang='lat' dir='ltr'>‘qaam</span> <span class='ocrx_word' id='word_1_17' title='bbox 949 787 1061 871; x_wconf 83' lang='lat' dir='ltr'>supple</span> <span class='ocrx_word' id='word_1_18' title='bbox 1072 806 1207 854; x_wconf 78' lang='lat' dir='ltr'>amnena</span> <span class='ocrx_word' id='word_1_19' title='bbox 1221 788 1338 853; x_wconf 81' lang='lat' dir='ltr'>aluere.</span> <span class='ocrx_word' id='word_1_20' title='bbox 1354 807 1445 874; x_wconf 87' lang='lat' dir='ltr'><strong>supp.</strong></span> 
     </span>
     <span class='ocr_line' id='line_1_5' title="bbox 822 891 1443 969; baseline 0.002 -13"><span class='ocrx_word' id='word_1_21' title='bbox 822 891 951 969; x_wconf 90' lang='lat' dir='ltr'>imbres,</span> <span class='ocrx_word' id='word_1_22' title='bbox 985 891 1020 956; x_wconf 89' lang='lat' dir='ltr'>id</span> <span class='ocrx_word' id='word_1_23' title='bbox 1041 894 1097 969; x_wconf 78' lang='lat' dir='ltr'>est,</span> <span class='ocrx_word' id='word_1_24' title='bbox 1133 909 1269 956; x_wconf 81' lang='lat' dir='ltr'>crescere</span> <span class='ocrx_word' id='word_1_25' title='bbox 1302 891 1443 958; x_wconf 85' lang='lat' dir='ltr'>fecerunt</span> 
     </span>
     <span class='ocr_line' id='line_1_6' title="bbox 354 993 1446 1078; baseline 0.002 -20"><span class='ocrx_word' id='word_1_26' title='bbox 354 993 458 1078; x_wconf 82' lang='lat' dir='ltr'>(plano</span> <span class='ocrx_word' id='word_1_27' title='bbox 481 993 617 1075; x_wconf 88' lang='lat' dir='ltr'>desunt.)</span> <span class='ocrx_word' id='word_1_28' title='bbox 823 1013 922 1077; x_wconf 83' lang='lat' dir='ltr'>aquae</span> <span class='ocrx_word' id='word_1_29' title='bbox 943 995 1079 1077; x_wconf 87' lang='lat' dir='ltr'>pluviae,</span> <span class='ocrx_word' id='word_1_30' title='bbox 1102 995 1134 1060; x_wconf 88' lang='lat' dir='ltr'>et</span> <span class='ocrx_word' id='word_1_31' title='bbox 1155 995 1203 1060; x_wconf 91' lang='lat' dir='ltr'>ita</span> <span class='ocrx_word' id='word_1_32' title='bbox 1225 996 1331 1060; x_wconf 88' lang='lat' dir='ltr'>aluere</span> <span class='ocrx_word' id='word_1_33' title='bbox 1350 1013 1446 1077; x_wconf 84' lang='lat' dir='ltr'>snper</span> 
     </span>
     <span class='ocr_line' id='line_1_7' title="bbox 824 1097 1444 1182; baseline 0.003 -20"><span class='ocrx_word' id='word_1_34' title='bbox 824 1101 915 1163; x_wconf 85' lang='lat' dir='ltr'>notas</span> <span class='ocrx_word' id='word_1_35' title='bbox 931 1097 1027 1181; x_wconf 84' lang='lat' dir='ltr'>ripas,</span> <span class='ocrx_word' id='word_1_36' title='bbox 1050 1101 1123 1182; x_wconf 89' lang='lat' dir='ltr'>quia</span> <span class='ocrx_word' id='word_1_37' title='bbox 1145 1099 1228 1165; x_wconf 86' lang='lat' dir='ltr'>aluei</span> <span class='ocrx_word' id='word_1_38' title='bbox 1243 1100 1327 1182; x_wconf 80' lang='lat' dir='ltr'>ripas</span> <span class='ocrx_word' id='word_1_39' title='bbox 1340 1101 1444 1164; x_wconf 87' lang='lat' dir='ltr'>amnis</span> 
     </span>
     <span class='ocr_line' id='line_1_8' title="bbox 824 1199 1387 1286; baseline -0.004 -20"><span class='ocrx_word' id='word_1_40' title='bbox 824 1203 911 1266; x_wconf 86' lang='lat' dir='ltr'>velut</span> <span class='ocrx_word' id='word_1_41' title='bbox 932 1203 1021 1286; x_wconf 87' lang='lat' dir='ltr'>aquis</span> <span class='ocrx_word' id='word_1_42' title='bbox 1043 1203 1182 1268; x_wconf 90' lang='lat' dir='ltr'>nutritus</span> <span class='ocrx_word' id='word_1_43' title='bbox 1206 1199 1387 1267; x_wconf 69' lang='lat' dir='ltr'>excesserit!</span> 
     </span>
    </p>
   </div>
   <div class='ocr_carea' id='block_1_4' title="bbox 172 1312 1444 1613">
    <p class='ocr_par' dir='ltr' id='par_1_4' title="bbox 172 1312 1444 1613">
     <span class='ocr_line' id='line_1_9' title="bbox 307 1312 1318 1406; baseline 0.001 -20"><span class='ocrx_word' id='word_1_44' title='bbox 307 1312 504 1404; x_wconf 69' lang='lat' dir='ltr'>‘Ornduins&#39;.</span> <span class='ocrx_word' id='word_1_45' title='bbox 534 1323 576 1403; x_wconf 92' lang='lat' dir='ltr'>(p.</span> <span class='ocrx_word' id='word_1_46' title='bbox 601 1321 668 1402; x_wconf 78' lang='lat'>24.)</span> <span class='ocrx_word' id='word_1_47' title='bbox 942 1319 1137 1406; x_wconf 81' lang='lat' dir='ltr'>‘Crnqnius&#39;.</span> <span class='ocrx_word' id='word_1_48' title='bbox 1162 1324 1206 1406; x_wconf 81' lang='lat' dir='ltr'>(p.</span> <span class='ocrx_word' id='word_1_49' title='bbox 1229 1323 1318 1402; x_wconf 80' lang='lat'><strong>217.)</strong></span> 
     </span>
     <span class='ocr_line' id='line_1_10' title="bbox 172 1438 1444 1528; baseline 0.001 -22"><span class='ocrx_word' id='word_1_50' title='bbox 172 1438 304 1523; x_wconf 81' lang='lat' dir='ltr'>‘qaam</span> <span class='ocrx_word' id='word_1_51' title='bbox 327 1461 423 1523; x_wconf 83' lang='lat' dir='ltr'>saper</span> <span class='ocrx_word' id='word_1_52' title='bbox 445 1444 539 1504; x_wconf 85' lang='lat' dir='ltr'>antas</span> <span class='ocrx_word' id='word_1_53' title='bbox 560 1441 675 1506; x_wconf 82' lang='lat' dir='ltr'><em>saliere</em></span> <span class='ocrx_word' id='word_1_54' title='bbox 691 1440 794 1520; x_wconf 79' lang='lat' dir='ltr'>ripas.</span> <span class='ocrx_word' id='word_1_55' title='bbox 818 1439 941 1524; x_wconf 80' lang='lat' dir='ltr'>‘quem</span> <span class='ocrx_word' id='word_1_56' title='bbox 963 1462 1058 1524; x_wconf 83' lang='lat' dir='ltr'>saper</span> <span class='ocrx_word' id='word_1_57' title='bbox 1091 1447 1191 1508; x_wconf 84' lang='lat' dir='ltr'>aotas.</span> <span class='ocrx_word' id='word_1_58' title='bbox 1223 1443 1261 1508; x_wconf 92' lang='lat' dir='ltr'>In</span> <span class='ocrx_word' id='word_1_59' title='bbox 1284 1445 1444 1528; x_wconf 84' lang='lat' dir='ltr'>suuigatis</span> 
     </span>
     <span class='ocr_line' id='line_1_11' title="bbox 176 1543 1443 1613; baseline 0.003 -5"><span class='ocrx_word' id='word_1_60' title='bbox 176 1546 258 1610; x_wconf 88' lang='lat' dir='ltr'>hano</span> <span class='ocrx_word' id='word_1_61' title='bbox 271 1545 439 1610; x_wconf 79' lang='lat' dir='ltr'>lectionem</span> <span class='ocrx_word' id='word_1_62' title='bbox 452 1545 545 1610; x_wconf 86' lang='lat' dir='ltr'>habat</span> <span class='ocrx_word' id='word_1_63' title='bbox 558 1545 653 1609; x_wconf 85' lang='lat' dir='ltr'>ooder</span> <span class='ocrx_word' id='word_1_64' title='bbox 667 1543 794 1608; x_wconf 85' lang='lat' dir='ltr'>Blandi·</span> <span class='ocrx_word' id='word_1_65' title='bbox 823 1550 896 1611; x_wconf 88' lang='lat' dir='ltr'>ante</span> <span class='ocrx_word' id='word_1_66' title='bbox 919 1565 1016 1612; x_wconf 92' lang='lat' dir='ltr'>annos</span> <span class='ocrx_word' id='word_1_67' title='bbox 1045 1549 1154 1612; x_wconf 81' lang='lat' dir='ltr'>dorem</span> <span class='ocrx_word' id='word_1_68' title='bbox 1187 1547 1443 1613; x_wconf 63' lang='lat' dir='ltr'>adnotationibus</span> 
     </span>
    </p>
   </div>
   <div class='ocr_carea' id='block_1_5' title="bbox 177 1647 1443 1834">
    <p class='ocr_par' dir='ltr' id='par_1_5' title="bbox 177 1647 1443 1834">
     <span class='ocr_line' id='line_1_12' title="bbox 177 1647 1443 1732; baseline 0.002 -19"><span class='ocrx_word' id='word_1_69' title='bbox 177 1650 247 1713; x_wconf 91' lang='lat' dir='ltr'>nius</span> <span class='ocrx_word' id='word_1_70' title='bbox 276 1647 526 1712; x_wconf 76' lang='lat' dir='ltr'>vetustissimust</span> <span class='ocrx_word' id='word_1_71' title='bbox 550 1666 645 1730; x_wconf 91' lang='lat' dir='ltr'>quam</span> <span class='ocrx_word' id='word_1_72' title='bbox 674 1665 730 1731; x_wconf 86' lang='lat' dir='ltr'>ego</span> <span class='ocrx_word' id='word_1_73' title='bbox 760 1649 794 1710; x_wconf 88' lang='lat' dir='ltr'>ut</span> <span class='ocrx_word' id='word_1_74' title='bbox 822 1649 930 1714; x_wconf 81' lang='lat' dir='ltr'>sensui</span> <span class='ocrx_word' id='word_1_75' title='bbox 974 1649 1142 1732; x_wconf 84' lang='lat' dir='ltr'>tegendum</span> <span class='ocrx_word' id='word_1_76' title='bbox 1192 1669 1228 1716; x_wconf 83' lang='lat' dir='ltr'>er</span> <span class='ocrx_word' id='word_1_77' title='bbox 1274 1651 1443 1716; x_wconf 80' lang='lat' dir='ltr'>Blandinio</span> 
     </span>
     <span class='ocr_line' id='line_1_13' title="bbox 177 1750 1442 1834; baseline 0.002 -18"><span class='ocrx_word' id='word_1_78' title='bbox 177 1770 285 1817; x_wconf 86' lang='lat' dir='ltr'>veram</span> <span class='ocrx_word' id='word_1_79' title='bbox 308 1755 339 1815; x_wconf 89' lang='lat' dir='ltr'>et</span> <span class='ocrx_word' id='word_1_80' title='bbox 354 1753 497 1834; x_wconf 86' lang='lat' dir='ltr'>apertam</span> <span class='ocrx_word' id='word_1_81' title='bbox 517 1751 641 1816; x_wconf 87' lang='lat' dir='ltr'>omuino</span> <span class='ocrx_word' id='word_1_82' title='bbox 658 1750 794 1816; x_wconf 78' lang='lat' dir='ltr'>indicaui</span> <span class='ocrx_word' id='word_1_83' title='bbox 822 1755 888 1818; x_wconf 83' lang='lat' dir='ltr'>uod.</span> <span class='ocrx_word' id='word_1_84' title='bbox 911 1752 1073 1818; x_wconf 76' lang='lat' dir='ltr'>vetustiss,</span> <span class='ocrx_word' id='word_1_85' title='bbox 1105 1752 1187 1819; x_wconf 78' lang='lat' dir='ltr'>Gom</span> <span class='ocrx_word' id='word_1_86' title='bbox 1220 1773 1315 1834; x_wconf 82' lang='lat' dir='ltr'>super</span> <span class='ocrx_word' id='word_1_87' title='bbox 1347 1759 1442 1818; x_wconf 78' lang='lat' dir='ltr'>notas</span> 
     </span>
    </p>
   </div>
   <div class='ocr_carea' id='block_1_6' title="bbox 176 1855 1539 1940">
    <p class='ocr_par' dir='ltr' id='par_1_6' title="bbox 176 1855 1539 1940">
     <span class='ocr_line' id='line_1_14' title="bbox 176 1855 1539 1940; baseline 0.003 -22"><span class='ocrx_word' id='word_1_88' title='bbox 176 1873 236 1920; x_wconf 92' lang='lat' dir='ltr'>uon</span> <span class='ocrx_word' id='word_1_89' title='bbox 252 1874 317 1920; x_wconf 82' lang='lat' dir='ltr'>esse</span> <span class='ocrx_word' id='word_1_90' title='bbox 329 1855 523 1934; x_wconf 85' lang='lat' dir='ltr'>mutandam,</span> <span class='ocrx_word' id='word_1_91' title='bbox 537 1855 634 1920; x_wconf 85' lang='lat' dir='ltr'>etiam</span> <span class='ocrx_word' id='word_1_92' title='bbox 649 1855 676 1920; x_wconf 93' lang='lat' dir='ltr'>si</span> <span class='ocrx_word' id='word_1_93' title='bbox 693 1855 793 1920; x_wconf 81' lang='lat' dir='ltr'>reaia·</span> <span class='ocrx_word' id='word_1_94' title='bbox 821 1855 937 1921; x_wconf 77' lang='lat' dir='ltr'>saliere</span> <span class='ocrx_word' id='word_1_95' title='bbox 958 1856 1070 1938; x_wconf 75' lang='lat' dir='ltr'>ripas;</span> <span class='ocrx_word' id='word_1_96' title='bbox 1093 1861 1125 1920; x_wconf 91' lang='lat' dir='ltr'>et</span> <span class='ocrx_word' id='word_1_97' title='bbox 1150 1875 1207 1940; x_wconf 89' lang='lat' dir='ltr'>per</span> <span class='ocrx_word' id='word_1_98' title='bbox 1229 1859 1346 1922; x_wconf 89' lang='lat' dir='ltr'>tmesin</span> <span class='ocrx_word' id='word_1_99' title='bbox 1361 1859 1442 1924; x_wconf 92' lang='lat' dir='ltr'>ordi·</span> <span class='ocrx_word' id='word_1_100' title='bbox 1536 1868 1539 1878; x_wconf 85' lang='lat'>&#39;</span> 
     </span>
    </p>
   </div>
   <div class='ocr_carea' id='block_1_7' title="bbox 174 1958 1445 2974">
    <p class='ocr_par' dir='ltr' id='par_1_7' title="bbox 174 1958 1445 2974">
     <span class='ocr_line' id='line_1_15' title="bbox 176 1958 1445 2042; baseline 0.002 -19"><span class='ocrx_word' id='word_1_101' title='bbox 176 1960 242 2023; x_wconf 88' lang='lat' dir='ltr'>uret</span> <span class='ocrx_word' id='word_1_102' title='bbox 256 1959 417 2024; x_wconf 85' lang='lat' dir='ltr'>adnotatio</span> <span class='ocrx_word' id='word_1_103' title='bbox 432 1959 563 2042; x_wconf 78' lang='lat' dir='ltr'>scripta,</span> <span class='ocrx_word' id='word_1_104' title='bbox 581 1959 632 2023; x_wconf 85' lang='lat' dir='ltr'>sad</span> <span class='ocrx_word' id='word_1_105' title='bbox 650 1977 713 2023; x_wconf 92' lang='lat' dir='ltr'>nou</span> <span class='ocrx_word' id='word_1_106' title='bbox 727 1958 795 2024; x_wconf 89' lang='lat' dir='ltr'>sine</span> <span class='ocrx_word' id='word_1_107' title='bbox 821 1959 959 2025; x_wconf 88' lang='lat' dir='ltr'>nandum</span> <span class='ocrx_word' id='word_1_108' title='bbox 982 1960 1040 2024; x_wconf 89' lang='lat' dir='ltr'>hoo</span> <span class='ocrx_word' id='word_1_109' title='bbox 1063 1961 1165 2042; x_wconf 87' lang='lat' dir='ltr'>modo,</span> <span class='ocrx_word' id='word_1_110' title='bbox 1201 1959 1281 2026; x_wconf 83' lang='lat' dir='ltr'>Cum</span> <span class='ocrx_word' id='word_1_111' title='bbox 1314 1962 1445 2036; x_wconf 84' lang='lat' dir='ltr'>imbres,</span> 
     </span>
     <span class='ocr_line' id='line_1_16' title="bbox 176 2062 1441 2146; baseline 0.002 -20"><span class='ocrx_word' id='word_1_112' title='bbox 176 2062 298 2128; x_wconf 85' lang='lat' dir='ltr'>lituris:</span> <span class='ocrx_word' id='word_1_113' title='bbox 322 2082 394 2128; x_wconf 87' lang='lat' dir='ltr'>nam</span> <span class='ocrx_word' id='word_1_114' title='bbox 418 2063 475 2128; x_wconf 88' lang='lat' dir='ltr'>hoo</span> <span class='ocrx_word' id='word_1_115' title='bbox 498 2065 588 2128; x_wconf 89' lang='lat' dir='ltr'>modo</span> <span class='ocrx_word' id='word_1_116' title='bbox 605 2064 705 2128; x_wconf 77' lang='lat' dir='ltr'>cessat</span> <span class='ocrx_word' id='word_1_117' title='bbox 719 2064 794 2128; x_wconf 92' lang='lat' dir='ltr'>ordo</span> <span class='ocrx_word' id='word_1_118' title='bbox 821 2062 853 2127; x_wconf 90' lang='lat' dir='ltr'>id</span> <span class='ocrx_word' id='word_1_119' title='bbox 884 2068 941 2146; x_wconf 88' lang='lat' dir='ltr'>est,</span> <span class='ocrx_word' id='word_1_120' title='bbox 975 2081 1073 2145; x_wconf 86' lang='lat' dir='ltr'>aquae</span> <span class='ocrx_word' id='word_1_121' title='bbox 1108 2063 1235 2145; x_wconf 87' lang='lat' dir='ltr'>pluuias</span> <span class='ocrx_word' id='word_1_122' title='bbox 1269 2083 1361 2146; x_wconf 90' lang='lat' dir='ltr'>snper</span> <span class='ocrx_word' id='word_1_123' title='bbox 1390 2083 1441 2129; x_wconf 90' lang='lat' dir='ltr'>se·</span> 
     </span>
     <span class='ocr_line' id='line_1_17' title="bbox 175 2166 1441 2250; baseline 0.002 -21"><span class='ocrx_word' id='word_1_124' title='bbox 175 2183 287 2230; x_wconf 86' lang='lat' dir='ltr'>uooum</span> <span class='ocrx_word' id='word_1_125' title='bbox 303 2166 522 2248; x_wconf 76' lang='lat' dir='ltr'>perturbatior,</span> <span class='ocrx_word' id='word_1_126' title='bbox 546 2167 629 2230; x_wconf 91' lang='lat' dir='ltr'>inter</span> <span class='ocrx_word' id='word_1_127' title='bbox 644 2185 794 2249; x_wconf 90' lang='lat' dir='ltr'>prouooa-</span> <span class='ocrx_word' id='word_1_128' title='bbox 821 2167 898 2230; x_wconf 90' lang='lat' dir='ltr'>liere</span> <span class='ocrx_word' id='word_1_129' title='bbox 933 2169 1023 2231; x_wconf 85' lang='lat' dir='ltr'>notas</span> <span class='ocrx_word' id='word_1_130' title='bbox 1058 2166 1153 2249; x_wconf 86' lang='lat' dir='ltr'>ripas,</span> <span class='ocrx_word' id='word_1_131' title='bbox 1189 2167 1282 2250; x_wconf 87' lang='lat' dir='ltr'>idque</span> <span class='ocrx_word' id='word_1_132' title='bbox 1311 2169 1351 2232; x_wconf 86' lang='lat' dir='ltr'>ad</span> <span class='ocrx_word' id='word_1_133' title='bbox 1374 2170 1441 2232; x_wconf 89' lang='lat' dir='ltr'>eui-</span> 
     </span>
     <span class='ocr_line' id='line_1_18' title="bbox 176 2268 1440 2352; baseline 0.002 -20"><span class='ocrx_word' id='word_1_134' title='bbox 176 2269 285 2334; x_wconf 87' lang='lat' dir='ltr'>bulum</span> <span class='ocrx_word' id='word_1_135' title='bbox 298 2271 330 2335; x_wconf 90' lang='lat' dir='ltr'>et</span> <span class='ocrx_word' id='word_1_136' title='bbox 342 2269 383 2348; x_wconf 88' lang='lat' dir='ltr'>id,</span> <span class='ocrx_word' id='word_1_137' title='bbox 396 2270 477 2352; x_wconf 85' lang='lat' dir='ltr'>qnod</span> <span class='ocrx_word' id='word_1_138' title='bbox 493 2271 648 2336; x_wconf 83' lang='lat' dir='ltr'>antecedit</span> <span class='ocrx_word' id='word_1_139' title='bbox 659 2271 693 2335; x_wconf 91' lang='lat' dir='ltr'>in</span> <span class='ocrx_word' id='word_1_140' title='bbox 709 2271 793 2336; x_wconf 87' lang='lat' dir='ltr'>anti·</span> <span class='ocrx_word' id='word_1_141' title='bbox 821 2269 954 2333; x_wconf 90' lang='lat' dir='ltr'>tandum</span> <span class='ocrx_word' id='word_1_142' title='bbox 979 2286 1092 2333; x_wconf 81' lang='lat' dir='ltr'>vonum</span> <span class='ocrx_word' id='word_1_143' title='bbox 1114 2268 1255 2334; x_wconf 88' lang='lat' dir='ltr'>ordinem</span> <span class='ocrx_word' id='word_1_144' title='bbox 1276 2269 1440 2351; x_wconf 85' lang='lat' dir='ltr'>perturba-</span> 
     </span>
     <span class='ocr_line' id='line_1_19' title="bbox 175 2371 1442 2458; baseline 0 -20"><span class='ocrx_word' id='word_1_145' title='bbox 175 2373 484 2458; x_wconf 71' lang='lat' dir='ltr'>qualsotionaputa,</span> <span class='ocrx_word' id='word_1_146' title='bbox 499 2374 795 2440; x_wconf 81' lang='lat' dir='ltr'>Moatedeoarreas</span> <span class='ocrx_word' id='word_1_147' title='bbox 820 2371 950 2436; x_wconf 86' lang='lat' dir='ltr'>tiorum:</span> <span class='ocrx_word' id='word_1_148' title='bbox 1001 2389 1135 2436; x_wconf 86' lang='lat' dir='ltr'>varum</span> <span class='ocrx_word' id='word_1_149' title='bbox 1186 2371 1278 2454; x_wconf 90' lang='lat' dir='ltr'>quia</span> <span class='ocrx_word' id='word_1_150' title='bbox 1301 2401 1304 2406; x_wconf 94' lang='lat'>·</span> <span class='ocrx_word' id='word_1_151' title='bbox 1328 2373 1442 2439; x_wconf 88' lang='lat' dir='ltr'>video</span> 
     </span>
     <span class='ocr_line' id='line_1_20' title="bbox 174 2475 1440 2561; baseline 0 -19"><span class='ocrx_word' id='word_1_152' title='bbox 174 2477 795 2561; x_wconf 78' lang='lat' dir='ltr'>uelatamaisimbrespaemsaperaotas</span> <span class='ocrx_word' id='word_1_153' title='bbox 819 2475 950 2540; x_wconf 90' lang='lat' dir='ltr'>dootis</span> <span class='ocrx_word' id='word_1_154' title='bbox 973 2475 1045 2540; x_wconf 87' lang='lat' dir='ltr'>hoo</span> <span class='ocrx_word' id='word_1_155' title='bbox 1068 2477 1184 2541; x_wconf 88' lang='lat' dir='ltr'>velut</span> <span class='ocrx_word' id='word_1_156' title='bbox 1208 2477 1339 2542; x_wconf 90' lang='lat' dir='ltr'>minus</span> <span class='ocrx_word' id='word_1_157' title='bbox 1355 2497 1440 2560; x_wconf 91' lang='lat' dir='ltr'>pro-</span> 
     </span>
     <span class='ocr_line' id='line_1_21' title="bbox 175 2577 1439 2661; baseline 0.001 -19"><span class='ocrx_word' id='word_1_158' title='bbox 175 2578 396 2661; x_wconf 79' lang='lat' dir='ltr'>ataererr&#39;pas.</span> <span class='ocrx_word' id='word_1_159' title='bbox 422 2582 540 2646; x_wconf 82' lang='lat' dir='ltr'>Deinde</span> <span class='ocrx_word' id='word_1_160' title='bbox 555 2582 686 2646; x_wconf 86' lang='lat' dir='ltr'>uerbum</span> <span class='ocrx_word' id='word_1_161' title='bbox 703 2583 792 2659; x_wconf 88' lang='lat' dir='ltr'>salio,</span> <span class='ocrx_word' id='word_1_162' title='bbox 820 2581 947 2660; x_wconf 88' lang='lat' dir='ltr'>prium</span> <span class='ocrx_word' id='word_1_163' title='bbox 970 2596 1049 2642; x_wconf 93' lang='lat' dir='ltr'>non</span> <span class='ocrx_word' id='word_1_164' title='bbox 1072 2579 1250 2660; x_wconf 81' lang='lat' dir='ltr'>placere,</span> <span class='ocrx_word' id='word_1_165' title='bbox 1274 2577 1439 2645; x_wconf 81' lang='lat' dir='ltr'>Commen-</span> 
     </span>
     <span class='ocr_line' id='line_1_22' title="bbox 175 2682 1440 2768; baseline -0.002 -20"><span class='ocrx_word' id='word_1_166' title='bbox 175 2688 248 2766; x_wconf 86' lang='lat' dir='ltr'>epts</span> <span class='ocrx_word' id='word_1_167' title='bbox 271 2685 304 2748; x_wconf 94' lang='lat' dir='ltr'>in</span> <span class='ocrx_word' id='word_1_168' title='bbox 328 2684 542 2752; x_wconf 76' lang='lat' dir='ltr'>haolsotione</span> <span class='ocrx_word' id='word_1_169' title='bbox 560 2687 692 2768; x_wconf 78' lang='lat' dir='ltr'>quadrat</span> <span class='ocrx_word' id='word_1_170' title='bbox 706 2687 792 2750; x_wconf 90' lang='lat' dir='ltr'>amni</span> <span class='ocrx_word' id='word_1_171' title='bbox 820 2685 1014 2764; x_wconf 78' lang='lat' dir='ltr'>tenoremque</span> <span class='ocrx_word' id='word_1_172' title='bbox 1037 2682 1127 2763; x_wconf 88' lang='lat' dir='ltr'>sequi</span> <span class='ocrx_word' id='word_1_173' title='bbox 1149 2682 1245 2747; x_wconf 87' lang='lat' dir='ltr'>aliam</span> <span class='ocrx_word' id='word_1_174' title='bbox 1260 2682 1440 2759; x_wconf 85' lang='lat' dir='ltr'>leotionem,</span> 
     </span>
     <span class='ocr_line' id='line_1_23' title="bbox 176 2784 1436 2871; baseline 0 -19"><span class='ocrx_word' id='word_1_175' title='bbox 176 2789 351 2854; x_wconf 84' lang='lat' dir='ltr'>decurrenti</span> <span class='ocrx_word' id='word_1_176' title='bbox 385 2807 457 2853; x_wconf 87' lang='lat' dir='ltr'>oum</span> <span class='ocrx_word' id='word_1_177' title='bbox 490 2789 608 2871; x_wconf 89' lang='lat' dir='ltr'>impetu</span> <span class='ocrx_word' id='word_1_178' title='bbox 642 2788 793 2853; x_wconf 90' lang='lat' dir='ltr'>imbrium</span> <span class='ocrx_word' id='word_1_179' title='bbox 820 2805 881 2851; x_wconf 93' lang='lat' dir='ltr'>non</span> <span class='ocrx_word' id='word_1_180' title='bbox 903 2787 1070 2869; x_wconf 57' lang='lat' dir='ltr'>grauatim,</span> <span class='ocrx_word' id='word_1_181' title='bbox 1083 2787 1205 2852; x_wconf 87' lang='lat' dir='ltr'>mutaui</span> <span class='ocrx_word' id='word_1_182' title='bbox 1228 2784 1436 2855; x_wconf 67' lang='lat' dir='ltr'>sententiam?</span> 
     </span>
     <span class='ocr_line' id='line_1_24' title="bbox 175 2887 623 2974; baseline 0 -20"><span class='ocrx_word' id='word_1_183' title='bbox 175 2909 247 2956; x_wconf 86' lang='lat' dir='ltr'>suas</span> <span class='ocrx_word' id='word_1_184' title='bbox 270 2890 355 2973; x_wconf 91' lang='lat' dir='ltr'>ripas</span> <span class='ocrx_word' id='word_1_185' title='bbox 378 2887 623 2974; x_wconf 72' lang='lat' dir='ltr'>egredientium?</span> 
     </span>
    </p>
   </div>
   <div class='ocr_carea' id='block_1_8' title="bbox 175 3047 1437 4280">
    <p class='ocr_par' dir='ltr' id='par_1_8' title="bbox 175 3047 1437 4280">
     <span class='ocr_line' id='line_1_25' title="bbox 175 3047 1436 3178; baseline 0.004 -56"><span class='ocrx_word' id='word_1_186' title='bbox 175 3057 271 3140; x_wconf 80' lang='lat' dir='ltr'>Epod.</span> <span class='ocrx_word' id='word_1_187' title='bbox 296 3058 326 3135; x_wconf 80' lang='lat'>2,</span> <span class='ocrx_word' id='word_1_188' title='bbox 353 3057 401 3121; x_wconf 88' lang='grc'>10.</span> <span class='ocrx_word' id='word_1_189' title='bbox 625 3059 672 3123; x_wconf 90' lang='lat' dir='ltr'>ed.</span> <span class='ocrx_word' id='word_1_190' title='bbox 701 3056 918 3178; x_wconf 31' lang='lat' dir='ltr'>ltdipdpod.</span> <span class='ocrx_word' id='word_1_191' title='bbox 943 3058 973 3137; x_wconf 79' lang='lat'>2,</span> <span class='ocrx_word' id='word_1_192' title='bbox 1001 3059 1051 3124; x_wconf 91' lang='grc'>10.</span> <span class='ocrx_word' id='word_1_193' title='bbox 1269 3059 1317 3124; x_wconf 91' lang='lat' dir='ltr'>ed.</span> <span class='ocrx_word' id='word_1_194' title='bbox 1341 3047 1436 3127; x_wconf 85' lang='grc'><strong>1578.</strong></span> 
     </span>
     <span class='ocr_line' id='line_1_26' title="bbox 790 3175 1436 3262; baseline 0.012 -26"><span class='ocrx_word' id='word_1_195' title='bbox 790 3175 914 3243; x_wconf 71' lang='lat' dir='ltr'>t‘aitas</span> <span class='ocrx_word' id='word_1_196' title='bbox 948 3180 1084 3244; x_wconf 82' lang='lat' dir='ltr'>maritat</span> <span class='ocrx_word' id='word_1_197' title='bbox 1113 3179 1257 3262; x_wconf 82' lang='lat' dir='ltr'>populos.</span> <span class='ocrx_word' id='word_1_198' title='bbox 1289 3181 1373 3262; x_wconf 81' lang='lat' dir='ltr'>Quid</span> <span class='ocrx_word' id='word_1_199' title='bbox 1408 3181 1436 3245; x_wconf 91' lang='lat' dir='ltr'>si</span> 
     </span>
     <span class='ocr_line' id='line_1_27' title="bbox 820 3283 1436 3369; baseline 0.005 -22"><span class='ocrx_word' id='word_1_200' title='bbox 820 3283 928 3364; x_wconf 80' lang='lat' dir='ltr'>apulos</span> <span class='ocrx_word' id='word_1_201' title='bbox 951 3284 1106 3368; x_wconf 84' lang='lat' dir='ltr'>legamus,</span> <span class='ocrx_word' id='word_1_202' title='bbox 1130 3285 1242 3369; x_wconf 88' lang='lat' dir='ltr'>quibus</span> <span class='ocrx_word' id='word_1_203' title='bbox 1264 3285 1345 3350; x_wconf 86' lang='lat' dir='ltr'>mire</span> <span class='ocrx_word' id='word_1_204' title='bbox 1360 3304 1436 3368; x_wconf 82' lang='lat' dir='ltr'>gau·</span> 
     </span>
     <span class='ocr_line' id='line_1_28' title="bbox 804 3387 1434 3469; baseline 0.01 -22"><span class='ocrx_word' id='word_1_205' title='bbox 804 3387 1434 3469; x_wconf 73' lang='lat' dir='ltr'>.dentvites,uthabetCoiumellalind.</span> 
     </span>
     <span class='ocr_line' id='line_1_29' title="bbox 804 3451 1435 3574; baseline 0.005 -20"><span class='ocrx_word' id='word_1_206' title='bbox 804 3451 887 3574; x_wconf 68' lang='lat' dir='ltr'>toap.</span> <span class='ocrx_word' id='word_1_207' title='bbox 911 3491 942 3558; x_wconf 89' lang='grc'>6.</span> <span class='ocrx_word' id='word_1_208' title='bbox 965 3490 1026 3556; x_wconf 85' lang='lat' dir='ltr'>Sed</span> <span class='ocrx_word' id='word_1_209' title='bbox 1049 3493 1148 3556; x_wconf 85' lang='lat' dir='ltr'>vitem</span> <span class='ocrx_word' id='word_1_210' title='bbox 1163 3492 1299 3557; x_wconf 85' lang='lat' dir='ltr'>maxime</span> <span class='ocrx_word' id='word_1_211' title='bbox 1322 3493 1435 3574; x_wconf 88' lang='lat' dir='ltr'>opulus</span> 
     </span>
     <span class='ocr_line' id='line_1_30' title="bbox 819 3594 1437 3678; baseline 0 -19"><span class='ocrx_word' id='word_1_212' title='bbox 819 3594 943 3659; x_wconf 87' lang='lat' dir='ltr'>videtur</span> <span class='ocrx_word' id='word_1_213' title='bbox 967 3595 1058 3670; x_wconf 86' lang='lat' dir='ltr'>alere,</span> <span class='ocrx_word' id='word_1_214' title='bbox 1087 3594 1199 3659; x_wconf 86' lang='lat' dir='ltr'>deinde</span> <span class='ocrx_word' id='word_1_215' title='bbox 1232 3595 1337 3659; x_wconf 89' lang='lat' dir='ltr'>ulmus</span> <span class='ocrx_word' id='word_1_216' title='bbox 1367 3600 1437 3678; x_wconf 87' lang='lat' dir='ltr'>post</span> 
     </span>
     <span class='ocr_line' id='line_1_31' title="bbox 412 3694 1436 3777; baseline 0.004 -19"><span class='ocrx_word' id='word_1_217' title='bbox 412 3694 563 3776; x_wconf 87' lang='lat' dir='ltr'>(desunt.)</span> <span class='ocrx_word' id='word_1_218' title='bbox 804 3697 914 3760; x_wconf 81' lang='lat' dir='ltr'>etiam</span> <span class='ocrx_word' id='word_1_219' title='bbox 938 3695 1097 3762; x_wconf 83' lang='lat' dir='ltr'>fraxinus?</span> <span class='ocrx_word' id='word_1_220' title='bbox 1132 3698 1187 3762; x_wconf 93' lang='lat' dir='ltr'>hos</span> <span class='ocrx_word' id='word_1_221' title='bbox 1216 3716 1331 3777; x_wconf 72' lang='lat' dir='ltr'>nemus,</span> <span class='ocrx_word' id='word_1_222' title='bbox 1366 3718 1436 3762; x_wconf 88' lang='lat' dir='ltr'>meo</span> 
     </span>
     <span class='ocr_line' id='line_1_32' title="bbox 819 3799 1436 3886; baseline 0.006 -24"><span class='ocrx_word' id='word_1_223' title='bbox 819 3799 944 3881; x_wconf 89' lang='lat' dir='ltr'>quidem</span> <span class='ocrx_word' id='word_1_224' title='bbox 958 3800 1081 3878; x_wconf 80' lang='lat' dir='ltr'>iudicio,</span> <span class='ocrx_word' id='word_1_225' title='bbox 1094 3802 1249 3866; x_wconf 87' lang='lat' dir='ltr'>Hauricns</span> <span class='ocrx_word' id='word_1_226' title='bbox 1258 3799 1436 3886; x_wconf 84' lang='lat' dir='ltr'>Stephanus</span> 
     </span>
     <span class='ocr_line' id='line_1_33' title="bbox 818 3903 1435 3986; baseline 0.01 -20"><span class='ocrx_word' id='word_1_227' title='bbox 818 3905 890 3985; x_wconf 90' lang='lat' dir='ltr'>apte</span> <span class='ocrx_word' id='word_1_228' title='bbox 913 3903 1034 3986; x_wconf 86' lang='lat' dir='ltr'>redegit</span> <span class='ocrx_word' id='word_1_229' title='bbox 1057 3904 1090 3968; x_wconf 91' lang='lat' dir='ltr'>in</span> <span class='ocrx_word' id='word_1_230' title='bbox 1107 3905 1257 3982; x_wconf 87' lang='lat' dir='ltr'>ordinem,</span> <span class='ocrx_word' id='word_1_231' title='bbox 1274 3906 1322 3970; x_wconf 92' lang='lat' dir='ltr'>his</span> <span class='ocrx_word' id='word_1_232' title='bbox 1338 3909 1435 3972; x_wconf 89' lang='lat' dir='ltr'>oonti-</span> 
     </span>
     <span class='ocr_line' id='line_1_34' title="bbox 818 4005 1436 4090; baseline 0.003 -20"><span class='ocrx_word' id='word_1_233' title='bbox 818 4010 928 4071; x_wconf 88' lang='lat' dir='ltr'>nenter</span> <span class='ocrx_word' id='word_1_234' title='bbox 944 4005 1111 4071; x_wconf 85' lang='lat' dir='ltr'>subiiciens</span> <span class='ocrx_word' id='word_1_235' title='bbox 1131 4007 1334 4090; x_wconf 76' lang='lat' dir='ltr'>iautiieisqae</span> <span class='ocrx_word' id='word_1_236' title='bbox 1348 4007 1436 4089; x_wconf 80' lang='lat' dir='ltr'>fatre</span> 
     </span>
     <span class='ocr_line' id='line_1_35' title="bbox 817 4112 1437 4194; baseline 0.006 -21"><span class='ocrx_word' id='word_1_237' title='bbox 817 4131 925 4174; x_wconf 80' lang='lat' dir='ltr'>ramos</span> <span class='ocrx_word' id='word_1_238' title='bbox 944 4115 1120 4192; x_wconf 79' lang='lat' dir='ltr'>amputans</span> <span class='ocrx_word' id='word_1_239' title='bbox 1133 4112 1291 4194; x_wconf 77' lang='lat' dir='ltr'>feliciores</span> <span class='ocrx_word' id='word_1_240' title='bbox 1305 4113 1437 4178; x_wconf 74' lang='lat' dir='ltr'>inserit.-</span> 
     </span>
     <span class='ocr_line' id='line_1_36' title="bbox 817 4212 1290 4280; baseline 0.002 -4"><span class='ocrx_word' id='word_1_241' title='bbox 817 4218 876 4278; x_wconf 83' lang='lat' dir='ltr'>aut</span> <span class='ocrx_word' id='word_1_242' title='bbox 897 4215 935 4278; x_wconf 82' lang='lat' dir='ltr'>ia</span> <span class='ocrx_word' id='word_1_243' title='bbox 956 4215 1088 4280; x_wconf 82' lang='lat' dir='ltr'>redacta</span> <span class='ocrx_word' id='word_1_244' title='bbox 1109 4213 1192 4278; x_wconf 80' lang='lat' dir='ltr'>ualle</span> <span class='ocrx_word' id='word_1_245' title='bbox 1214 4212 1290 4279; x_wconf 68' lang='lat' dir='ltr'>cett?</span> 
     </span>
    </p>
   </div>
   <div class='ocr_carea' id='block_1_9' title="bbox 173 4352 1437 4445">
    <p class='ocr_par' dir='ltr' id='par_1_9' title="bbox 173 4352 1437 4445">
     <span class='ocr_line' id='line_1_37' title="bbox 173 4352 1437 4445; baseline 0.013 -29"><span class='ocrx_word' id='word_1_246' title='bbox 173 4352 267 4434; x_wconf 82' lang='lat' dir='ltr'>Epod.</span> <span class='ocrx_word' id='word_1_247' title='bbox 293 4352 322 4434; x_wconf 82' lang='lat'>2,</span> <span class='ocrx_word' id='word_1_248' title='bbox 345 4354 397 4418; x_wconf 87' lang='grc'>43.</span> <span class='ocrx_word' id='word_1_249' title='bbox 624 4359 673 4427; x_wconf 85' lang='lat' dir='ltr'>ed.</span> <span class='ocrx_word' id='word_1_250' title='bbox 697 4358 790 4424; x_wconf 78' lang='lat' dir='ltr'>rust.</span> <span class='ocrx_word' id='word_1_251' title='bbox 821 4361 917 4444; x_wconf 79' lang='lat' dir='ltr'>Epod.</span> <span class='ocrx_word' id='word_1_252' title='bbox 941 4363 971 4445; x_wconf 77' lang='grc'>2,</span> <span class='ocrx_word' id='word_1_253' title='bbox 994 4363 1047 4428; x_wconf 86' lang='grc'>43.</span> <span class='ocrx_word' id='word_1_254' title='bbox 1270 4364 1317 4428; x_wconf 87' lang='lat' dir='ltr'>sd.</span> <span class='ocrx_word' id='word_1_255' title='bbox 1344 4364 1437 4432; x_wconf 75' lang='lat'><strong>1578.</strong></span> 
     </span>
    </p>
   </div>
   <div class='ocr_carea' id='block_1_10' title="bbox 413 4479 1438 4654">
    <p class='ocr_par' dir='ltr' id='par_1_10' title="bbox 413 4479 1438 4654">
     <span class='ocr_line' id='line_1_38' title="bbox 413 4479 1438 4592; baseline -0.008 -36"><span class='ocrx_word' id='word_1_256' title='bbox 413 4509 560 4592; x_wconf 43' lang='lat' dir='ltr'><strong>(desunt.)</strong></span> <span class='ocrx_word' id='word_1_257' title='bbox 814 4479 957 4546; x_wconf 77' lang='lat' dir='ltr'>‘sauram</span> <span class='ocrx_word' id='word_1_258' title='bbox 994 4487 1102 4548; x_wconf 79' lang='lat' dir='ltr'>vedast.</span> <span class='ocrx_word' id='word_1_259' title='bbox 1143 4486 1211 4568; x_wconf 78' lang='lat' dir='ltr'>iege</span> <span class='ocrx_word' id='word_1_260' title='bbox 1246 4505 1374 4549; x_wconf 84' lang='lat' dir='ltr'>sacram</span> <span class='ocrx_word' id='word_1_261' title='bbox 1407 4489 1438 4549; x_wconf 79' lang='lat' dir='ltr'>et</span> 
     </span>
     <span class='ocr_line' id='line_1_39' title="bbox 818 4587 1245 4654; baseline 0.007 -4"><span class='ocrx_word' id='word_1_262' title='bbox 818 4590 922 4652; x_wconf 77' lang='lat' dir='ltr'>verast.</span> <span class='ocrx_word' id='word_1_263' title='bbox 947 4606 984 4652; x_wconf 82' lang='lat' dir='ltr'>ex</span> <span class='ocrx_word' id='word_1_264' title='bbox 1004 4589 1108 4652; x_wconf 84' lang='lat' dir='ltr'>oodios</span> <span class='ocrx_word' id='word_1_265' title='bbox 1131 4587 1245 4654; x_wconf 73' lang='lat' dir='ltr'>Siluio?</span> 
     </span>
    </p>
   </div>
   <div class='ocr_carea' id='block_1_11' title="bbox 0 0 1706 5212">
    <p class='ocr_par' dir='ltr' id='par_1_11' title="bbox 0 0 1706 5212">
     <span class='ocr_line' id='line_1_40' title="bbox 0 0 1706 5212; baseline 0 2"><span class='ocrx_word' id='word_1_266' title='bbox 0 0 1706 5212; x_wconf 95' lang='lat' dir='ltr'> </span> 
     </span>
    </p>
   </div>
  </div>
 </body>
</html>
