3404 5212
797 269 1007 333 „34-

282 479 325 537 ro,
349 459 387 524 ab
411 458 515 540 inepto
539 457 642 538 aliquo
667 458 698 520 et
720 457 872 520 audaculo
895 456 1082 538 castigatore
1113 453 1262 534 ......’;
1295 455 1372 519 ibid.
1392 455 1421 534 3,
1446 453 1521 519 208.

273 562 349 644 “qar'
365 563 484 644 spectes
500 561 583 626 attus
598 581 669 625 uero
685 561 755 624 seat.
779 610 893 626 ......
917 561 1012 624 codex
1027 561 1270 642 antiquissimus
1286 559 1398 624 Bland.
1415 558 1522 635 babet,

284 667 400 748 species
424 665 503 730 alias
529 665 618 741 veris,
644 683 716 728 curn
739 664 796 727 hac
820 664 1030 742 adnotatione,
1056 665 1228 730 contrarias
1252 664 1379 730 veritati
1401 713 1515 730 ......

284 769 427 850 equidem
450 769 560 833 Bland.
586 767 700 831 codicis
724 768 894 830 lectionem
917 771 999 852 typis
1023 769 1165 833 mandari
1189 769 1374 832 maluissem
1396 770 1524 850 propter

285 875 483 949 vetustatem,
500 871 553 935 sed
567 871 588 936 S
605 871 711 935 littera
727 871 903 935 maiuscula
918 873 1044 936 ademta
1059 871 1203 954 sequenti
1220 872 1349 936 dictioni
1365 872 1526 954 adscripta

285 980 353 1040 erat
385 971 606 1056 praecedenti’,
641 973 695 1056 (z
721 973 815 1038 oerr'S
842 973 1030 1055 ceterisque?
1063 975 1146 1038 infra
1174 977 1211 1040 de
1242 975 1302 1039 hoo
1331 973 1399 1038 loco
1430 973 1524 1055 plura

285 1079 447 1158 monebo);
470 1077 547 1142 ibid.
570 1077 643 1142 255.
662 1074 820 1142 ‘cubitale
856 1077 901 1140 sic
924 1078 1039 1142 habent
1062 1097 1170 1142 omnes
1186 1079 1295 1159 scripti
1310 1077 1399 1162 libri,
1416 1096 1525 1140 verum

286 1184 318 1246 in
342 1183 561 1263 antiquissimo
581 1181 691 1245 Bland.
709 1183 834 1244 uidetur
856 1199 872 1243 e
896 1181 1042 1244 littera
1064 1199 1149 1244 asse
1172 1180 1390 1244 adiecticia
1411 1199 1526 1262 prop·

286 1291 348 1350 ter
379 1285 463 1350 eius
492 1280 761 1366 exilitatem'3
790 1281 866 1348 ibid.
891 1285 922 1366 4,
947 1283 997 1349 80.
1018 1281 1144 1347 ‘retorto
1166 1287 1328 1348 creterrae.
1355 1285 1400 1347 sie
1428 1283 1527 1348 habet

287 1388 397 1454 Bland.
422 1388 663 1452 vetustissimus.
697 1405 791 1469 quam
827 1387 996 1452 dictionem
1027 1386 1088 1451 sibi
1117 1387 1310 1470 incognitam
1340 1388 1528 1470 eorrupit

289 1493 441 1558 sciolus
465 1491 636 1572 quidam,
667 1491 860 1556 substituens
885 1490 951 1552 eius
980 1491 1054 1568 loco,
1086 1493 1236 1568 craterae,
1261 1507 1279 1552 a
1301 1489 1409 1554 littera
1431 1508 1487 1571 pro
1512 1511 1528 1553 e

290 1595 408 1677 scripta
423 1598 516 1675 atque
540 1614 555 1656 r
578 1590 697 1675 erasa';
722 1593 778 1675 Ep.
803 1593 819 1655 1
842 1593 871 1670 2,
895 1591 948 1657 46.
968 1589 1065 1673 ‘qaod
1086 1593 1169 1656 satis
1189 1597 1234 1656 est
1258 1593 1310 1656 eat
1333 1592 1473 1676 eoatiptt,
1498 1593 1527 1657 a's

289 1697 383 1762 arara.
408 1698 453 1762 sio
483 1696 575 1762 babet
605 1696 699 1760 codex
728 1695 838 1758 Bland.
866 1694 1109 1769 vetustissimus,
1140 1694 1194 1759 sed
1225 1713 1294 1776 per
1325 1693 1526 1776 lituram'3

288 1801 377 1883 EpI
400 1801 429 1878 7,
446 1800 497 1866 22.
519 1797 642 1882 ‘atpats
664 1799 711 1862 ar't
734 1818 797 1862 esse
814 1801 965 1878 paratas.
990 1797 1035 1861 sic
1059 1798 1175 1862 habent
1196 1798 1218 1860 4
1241 1799 1352 1864 Bland.
1371 1797 1437 1864 eod.
1454 1817 1527 1864 curn
1610 1787 1612 1794 ’

290 1905 374 1968 Busl.
398 1903 451 1968 sed
475 1904 535 1966 duo
552 1903 781 1966 cumlitura
804 1921 818 1966 s
842 1902 1007 1966 litterae
1030 1899 1281 1986 manifesta’3
1305 1903 1362 1984 Ep.
1379 1903 1413 1967 II
1429 1905 1460 1988 2,
1477 1903 1529 1969 98.

284 2006 427 2072 'tamtan
446 2007 565 2083 prtraa.
591 2009 649 2070 duo
672 2006 785 2070 Bland.
803 2007 909 2087 aperte
931 2006 1055 2084 habent,
1078 2025 1185 2088 prona.
1208 2008 1262 2071 sed
1278 2007 1440 2089 antiquiss.
1457 2028 1529 2090 per

290 2107 474 2174 titnram.'

394 2213 509 2278 Omnes
532 2212 598 2277 eins
615 2213 700 2277 modi
717 2212 948 2278 observationes
965 2211 1004 2276 ab
1028 2213 1095 2295 ipso
1114 2211 1248 2294 araquio
1270 2213 1427 2294 proiectae
1452 2215 1526 2297 quin

291 2318 460 2381 maximam
489 2317 635 2380 moveant
658 2316 708 2379 vel
730 2315 897 2398 pravitatis
921 2316 971 2381 vel
993 2315 1194 2380 obscuritatis
1218 2316 1437 2396 suspicionem,
1468 2337 1530 2382 non

290 2425 394 2504 potest
416 2419 499 2498 fieri3
535 2421 639 2502 itaque
663 2420 765 2502 potius
790 2418 927 2502 cruquio
961 2419 1018 2484 has
1042 2420 1213 2500 scripturas
1247 2418 1387 2484 tribuere
1409 2419 1529 2497 iicebit,

292 2543 385 2607 quam
409 2524 508 2590 codici
531 2524 559 2587 V
581 2541 786 2606 praepropere
808 2523 965 2606 inponere.

396 2629 456 2694 Sed
486 2647 579 2710 quam
608 2627 694 2707 loeis,
726 2627 779 2692 ubi
811 2630 848 2692 de
871 2627 1085 2691 vetustissimo
1109 2626 1159 2690 vei
1182 2628 1327 2692 omnibus
1351 2629 1532 2693 Blandiniis

295 2732 410 2814 agitur,
443 2731 623 2796 tribuebant
653 2731 886 2805 auctoritatem,
918 2730 1049 2794 eandem
1079 2729 1263 2794 adtulerunt
1292 2732 1350 2796 viri
1381 2730 1465 2797 docti
1489 2733 1533 2797 eis

293 2853 413 2916 quoque
437 2835 632 2913 lectionibus
658 2853 734 2916 quas
765 2836 804 2898 ad
822 2830 942 2897 ‘omnes
967 2830 1100 2897 codices'
1127 2833 1254 2898 rettulit
1277 2833 1437 2916 Oruquius.
1472 2855 1534 2918 qna

293 2939 327 3002 in
349 2957 470 3002 recum
494 2941 536 3002 eis
560 2939 676 3002 iterum
699 2938 801 3002 facere
824 2954 954 3018 nequeo,
979 2937 1076 3000 immo
1099 2937 1149 3000 sat
1171 2937 1321 3020 gravibus
1338 2939 1532 3022 argumentis

294 3041 471 3124 opinionem
495 3043 592 3106 istam
615 3041 719 3105 refelli
741 3059 831 3122 posse
854 3041 953 3104 credo.

316 3203 319 3208 .
397 3147 526 3210 Etenim
550 3144 680 3225 Oruquii
704 3146 822 3208 codices
845 3145 878 3208 hi
901 3144 991 3207 sunt:
1016 3143 1163 3224 quattuor
1187 3143 1358 3223 Blandinii,
1390 3145 1533 3210 Buslidi-

295 3268 382 3324 anus,
399 3247 524 3327 Siluius,
541 3247 718 3322 Martinius,
735 3246 852 3311 Nannii
868 3247 971 3324 codex,
989 3243 1143 3310 (taurionis
1159 3247 1240 3310 iiber
1259 3247 1291 3328 (i.
1309 3267 1339 3329 q.
1357 3249 1467 3313 Divaei
1484 3251 1535 3314 vel

295 3351 575 3434 Zulicbamianns),
598 3349 905 3433 Maldeghemianus,
930 3350 1103 3414 Tonsanus.
1148 3351 1201 3432 qui
1237 3352 1364 3434 quidem
1399 3353 1531 3429 codices,

207 3491 210 3502 ·
296 3456 442 3519 undecim
465 3473 604 3532 numero,
629 3474 667 3518 ne
683 3472 755 3518 uno
772 3453 899 3535 quidem
914 3455 980 3518 loco
996 3453 1028 3518 in
1046 3453 1178 3535 singulis
1195 3453 1323 3537 (truquii
1340 3456 1532 3520 editionibus

296 3575 402 3622 omnes
426 3559 464 3622 ad
486 3575 584 3620 uuum
600 3556 786 3621 nominatim
802 3559 1032 3634 enumerantur,
1052 3558 1105 3621 sed
1123 3558 1248 3621 nomina
1264 3577 1370 3622 eorum
1386 3579 1421 3622 ex
1437 3561 1536 3624 variis

295 3662 371 3726 locis
406 3661 622 3742 conquiramus
656 3679 777 3724 necessa
811 3663 868 3724 est.
906 3661 1044 3725 conferas
1078 3679 1192 3742 quaeso
1223 3660 1314 3738 locos,
1349 3663 1402 3744 qui
1426 3666 1535 3727 entant

298 3765 337 3827 ad
359 3763 393 3828 O.
417 3764 433 3826 I
464 3763 493 3841 7,
526 3763 574 3826 15.
601 3763 775 3845 (deturpet),
806 3763 860 3826 ubi
893 3764 1012 3830 Nannii
1043 3765 1136 3828 codex
1166 3769 1197 3830 et
1222 3765 1381 3830 Tonsanns
1411 3766 1536 3832 silentio

297 3869 551 3950 praetereuntur,
581 3865 657 3931 ibid.
693 3868 742 3944 it,
773 3866 809 3932 8:
833 3864 1001 3932 ‘colubras
1026 3868 1070 3932 sic
1104 3869 1222 3936 babent
1257 3873 1390 3951 quatuor
1425 3871 1534 3936 Bland.

299 3989 370 4033 eum
400 3969 511 4034 Diuaei
541 3973 572 4032 et
598 3968 736 4051 Maldeg.
765 3969 890 4052 Siluiiq.
916 3991 973 4035 nec
994 3977 1118 4036 mutare
1143 3973 1226 4036 volui
1250 3979 1377 4056 propter
1400 3975 1538 4058 antiqui-

299 4069 411 4138 tatem'
438 4072 565 4158 (desunt
594 4072 681 4136 Busl.
707 4072 800 4136 Mart.
824 4073 925 4138 Nann.
951 4076 1079 4160 Tune.);
1102 4076 1178 4143 ibid.
1202 4077 1253 4158 21,
1279 4080 1307 4142 ὁ.
1333 4082 1454 4161 (corae),
1479 4097 1538 4162 quo

299 4177 366 4240 loeo
397 4176 486 4240 Busl.
511 4177 593 4241 Nan.
618 4177 712 4241 Tons.
737 4178 951 4258 praetermissi
982 4180 1073 4264 sunt3
1103 4179 1179 4246 ibid.
1210 4181 1262 4260 35,
1292 4183 1344 4246 39.
1371 4181 1538 4266 (dtfptapas

299 4281 469 4360 recasura),
501 4280 554 4345 ubi
585 4280 771 4358 Buslidiaui,
803 4281 894 4365 Nan,
926 4283 1031 4360 Tuus,
1062 4285 1222 4350 Blandinii
1239 4306 1351 4369 -pro
1380 4286 1481 4352 dolor!
1500 4323 1541 4332 -

301 4384 509 4448 vetustissimi
539 4385 687 4448 lectiones
719 4384 950 4464 desiderantur,
985 4387 1057 4452 alia.
1081 4387 1193 4468 quibus
1217 4388 1366 4470 exemplis
1389 4388 1538 4472 inspeetis

301 4489 364 4552 iam
380 4487 499 4558 nemini
515 4488 631 4552 mirum
647 4489 805 4554 videbitur
819 4491 853 4554 in
870 4491 1013 4556 omnibus
1032 4489 1161 4572 Cruquii
1176 4491 1365 4558 editionibus
1382 4498 1535 4575 septem
