3404 5212
770 391 978 455 -33-

358 579 499 661 Denique
525 579 557 644 in
581 577 672 643 rebus
697 577 1021 660 orthographicis
1045 578 1107 644 iere
1131 577 1218 642 nulla
1238 577 1298 657 fide
1319 577 1429 660 dignus
1445 579 1492 640 est

253 681 423 765 Gruquius3
447 702 520 748 uam
543 682 633 746 tanta
648 681 710 746 fuit
732 683 764 746 in
781 680 831 746 his
847 683 939 747 rebus
956 681 1094 760 levitate,
1118 683 1163 760 ut,
1180 700 1251 746 cum
1274 699 1328 762 per
1351 679 1491 764 singulos

252 803 348 851 annos
372 785 509 850 diversas
531 785 615 850 inter
644 803 677 848 se
706 783 862 848 scribendi
893 786 1028 850 rationes
1057 784 1309 875 amplecteretur,
1342 787 1410 848 tum
1443 783 1491 846 vel

141 935 143 940 ,
252 891 328 972 ipsis
353 889 492 954 codicum
516 901 644 954 suorum
678 889 863 954 lectionibus
886 887 956 952 aliis
986 889 1177 970 temporibus
1201 889 1295 952 aliam
1329 885 1492 968 inponeret

254 993 518 1075 orthographiam.
564 987 614 1056 oui
647 991 693 1056 rei
727 991 957 1056 confirmandae
997 991 1285 1056 luculentissimum
1324 1007 1493 1072 proponam

254 1095 439 1176 exemplum,
464 1095 545 1176 quod
570 1095 653 1158 extat
675 1096 707 1158 in
730 1093 931 1160 adnotatione
954 1094 991 1158 ad
1016 1092 1081 1160 Sat.
1105 1091 1271 1175 114,44:

469 1247 517 1312 ed.
543 1246 635 1312 1573.
1112 1245 1158 1309 cd.
1185 1243 1277 1310 1578.
1318 1271 1326 1279 -

267 1369 302 1435 in
326 1367 474 1434 carminis
498 1369 691 1432 contextu
714 1367 830 1452 legitur
939 1368 971 1432 in
996 1368 1186 1432 contextu
1209 1385 1385 1448 expressum
1410 1369 1457 1430 est

367 1469 570 1540 ‘faecundae
593 1469 724 1554 leporis?
872 1453 875 1591 l
1034 1467 1203 1536 ‘fecundae
1225 1466 1361 1552 leporis?

310 1666 312 1670 ι
453 1571 640 1658 ‘Oruquiua'
872 1603 875 1720 J
1102 1569 1291 1656 ‘Cruquiua'

249 1677 434 1746 Foccucdi
456 1677 570 1760 leporis
593 1697 618 1741 s.
641 1697 665 1741 s.
690 1698 853 1744 or......
883 1673 1035 1758 ‘fecunde'
1069 1677 1185 1758 leporis
1219 1695 1244 1741 s.
1277 1695 1302 1741 s.
1337 1697 1391 1741 or.
1406 1728 1412 1742 .
1427 1727 1433 1741 .
1451 1727 1454 1732 ,
1471 1726 1500 1741 ..

242 1781 488 1866 Antiquissimus
525 1783 618 1846 codex
652 1781 763 1844 Bland.
798 1798 860 1844 una
889 1780 1135 1861 Antiquissimus
1168 1783 1262 1846 codor
1296 1779 1408 1844 Bland.
1443 1799 1508 1844 una

243 1903 312 1952 cum
325 1885 415 1950 Tons.
430 1884 524 1948 habet
536 1882 720 1950 Foccudoc
732 1881 857 1964 leporis.
872 1833 875 1976 k
888 1901 959 1946 cum
975 1883 1065 1946 Tons.
1083 1883 1178 1948 habet
1191 1881 1362 1964 fecoodoa
1379 1881 1506 1964 leporis.

167 2061 170 2076 Ι
243 2007 319 2070 quos
342 1989 466 2053 secutus
489 2006 560 2050 sum
585 1990 665 2068 quod
689 1977 963 2068 foemellae'quos
994 1992 1118 2052 secutus
1148 2005 1216 2050 sum
1247 1986 1328 2066 quod
1358 1973 1506 2052 femellae

244 2109 322 2170 caro,
343 2107 437 2172 quam
454 2090 556 2170 marie,
575 2088 783 2153 succulentior
799 2088 857 2152 sit:
887 2109 968 2168 earo,
985 2109 1078 2172 quam
1096 2090 1200 2163 maris,
1223 2089 1430 2153 succulentior
1447 2089 1508 2152 sit:

243 2193 369 2258 etiamsi
384 2193 505 2274 physici
519 2193 710 2258 contendant
722 2193 860 2274 leporem
887 2193 1014 2258 etiamsi
1028 2193 1149 2277 physici
1165 2193 1358 2258 contendant
1369 2193 1507 2276 leporem

243 2314 332 2360 sexus
366 2312 433 2358 esse
464 2296 590 2372 incerti,
626 2313 709 2359 nunc
731 2314 979 2415 marem,jserus
1013 2317 1077 2364 esse
1116 2288 1245 2376 incerti,
1272 2315 1354 2362 nunc
1377 2315 1507 2378 marem,

244 2419 327 2466 nunc
348 2399 522 2468 foeminam
532 2447 648 2466 ......
652 2396 661 2420 ’
873 2419 971 2475 inune
994 2401 1147 2468 feminam
1155 2449 1270 2466 ......
1276 2397 1284 2420 ’

356 2537 465 2620 Neque
488 2537 581 2602 aliter
604 2540 635 2604 in
658 2537 847 2602 editionibus
870 2539 935 2604 suis
959 2537 1181 2605 vetustioribus
1211 2557 1333 2618 semper
1363 2537 1493 2618 scripsit

260 2639 396 2731 {quum',
421 2647 530 2706 contra
552 2643 583 2706 iu
606 2640 833 2706 recentioribus
849 2641 964 2723 ubique
982 2639 1100 2726 ‘eum’3
1124 2645 1162 2706 ad
1186 2640 1250 2708 Sat.
1275 2641 1359 2719 112,
1385 2641 1435 2706 64.
1460 2641 1494 2704 in

256 2749 302 2811 ed.
320 2765 347 2810 a.
368 2746 465 2812 1573:
484 2741 638 2827 ‘deinde',
654 2745 708 2820 ait,
729 2741 854 2808 ‘Bland.
871 2745 990 2810 codices
1014 2745 1141 2823 habent,
1158 2745 1218 2810 boc
1234 2747 1328 2828 orpct
1343 2741 1490 2824 chcs’,

255 2854 288 2915 at
311 2850 344 2914 in
372 2850 419 2914 ed.
444 2868 471 2914 a.
497 2847 589 2914 1578.
614 2847 725 2914 scribit
757 2847 939 2912 Blandinios
969 2849 1098 2914 habere:
1134 2848 1194 2912 bac
1222 2851 1346 2929 orquct
1377 2856 1495 2928 lopus;

254 2954 324 3018 alia.
349 2971 426 3035 quae
449 2971 519 3018 cum
542 2951 588 3016 ita
610 2953 683 3029 sint,
707 2955 792 3016 recte
808 2952 919 3016 Hoehn
942 2971 970 3033 p.
991 2953 1029 3018 18
1053 2971 1097 3034 sq.
1121 2954 1235 3018 statuit
1251 2951 1425 3034 Onuquium
1450 2951 1495 3015 rei

256 3054 511 3136 orthographicas
535 3057 609 3119 adeo
633 3071 700 3118 esse
722 3041 953 3136 neglegentem,
984 3058 1034 3131 ut,
1059 3055 1121 3120 nisi
1149 3055 1203 3120 ubi
1227 3055 1341 3120 diserte
1365 3057 1403 3120 dc
1426 3057 1495 3119 eius

257 3159 341 3222 modi
353 3158 442 3222 rebus
455 3157 595 3240 disserat,
609 3157 696 3222 velut
708 3157 746 3222 de
758 3153 963 3240 vooe‘pinna'
980 3157 1105 3240 (ullu
1117 3158 1147 3238 2,
1163 3155 1325 3240 3.),‘fecul
1347 3156 1448 3240 'tSat
1464 3157 1496 3220 ll

256 3263 286 3338 8,
303 3260 359 3344 9.),
376 3259 413 3324 dc
428 3256 785 3341 seriptura‘Quinctius'
806 3261 875 3343 (Ep.
893 3261 909 3324 Ι
927 3261 976 3338 16,
994 3259 1036 3338 1.)
1053 3259 1134 3336 aliis,
1151 3261 1307 3328 scribendi
1330 3261 1494 3340 rationem,

241 3385 335 3447 ·quae
360 3363 437 3428 olim
459 3362 491 3428 iu
515 3363 617 3428 codice
641 3361 669 3426 V
691 3361 826 3441 extabat,
851 3364 976 3428 omnino
1000 3381 1184 3446 cognoscere
1207 3383 1267 3430 non
1288 3367 1457 3447 possimus.

359 3469 428 3534 Hac
456 3486 489 3532 re
524 3484 668 3532 concessa
704 3484 811 3532 caveas
839 3467 954 3547 tamen,
984 3485 1023 3530 ne
1054 3486 1126 3532 oum
1155 3468 1263 3532 eodem
1291 3469 1435 3534 Hoehnio
1465 3471 1497 3534 in

260 3571 462 3656 gravissimos
485 3569 606 3634 incidas
629 3587 757 3635 errores.
781 3588 855 3636 nam
878 3569 938 3634 duo
962 3571 1103 3652 exempla
1118 3607 1161 3616 -
1175 3570 1221 3636 ait
1243 3572 1298 3636 ille
1313 3609 1356 3620 -—
1372 3572 1497 3656 quibus,

257 3679 373 3756 quanto
396 3693 487 3755 opere
500 3673 652 3756 Oruquius
665 3673 836 3758 neglexerit
848 3691 896 3738 res
909 3672 1177 3756 orthographicas,
1193 3674 1390 3760 inlustretur,
1407 3695 1497 3758 prac-

257 3777 332 3841 bent
349 3795 410 3855 eae,
428 3796 503 3860 quas
521 3777 636 3842 adtulit
651 3776 799 3844 lectiones
814 3780 851 3842 ad
868 3777 965 3858 Epod.
982 3780 1012 3857 5,
1029 3777 1087 3842 21:
1106 3774 1254 3844 ‘lolohos'
1281 3782 1366 3846 etad
1382 3779 1447 3846 Sat.
1466 3781 1499 3846 lI

259 3881 288 3958 l,
310 3879 364 3944 17:
382 3876 572 3962 ‘phymu'm⁷.
598 3881 653 3946 has
676 3880 774 3962 igitur
789 3879 961 3962 scripturas
985 3899 1099 3963 pravas
1123 3885 1158 3946 ut
1181 3881 1214 3946 in
1237 3882 1341 3950 codice
1359 3883 1385 3948 V
1401 3883 1498 3948 fuisse

259 3984 470 4062 concedamus,
494 4001 550 4048 nos
573 3983 660 4048 nullo
683 3984 773 4065 pacto
796 3985 864 4065 cogi
881 3984 1049 4063 contendit,
1067 3985 1140 4067 quia
1156 3983 1320 4068 Oruquius
1340 3985 1495 4052 oum‘lol·
1529 4060 1530 4064 Ἰ

259 4083 345 4152 chos'
365 4089 529 4168 opponeret
545 4083 896 4168 scripturae‘Oolchos',
916 4083 1095 4169 ‘phymum'
1121 4087 1248 4154 lectioni
1265 4085 1441 4173 ‘pyrgum',
1461 4091 1500 4154 de

260 4190 480 4273 orthographia
502 4189 583 4256 nihil
606 4209 733 4272 prorsus
756 4189 944 4272 exposuerit.
970 4207 1006 4256 cc
1030 4209 1089 4272 quo
1112 4191 1204 4258 modo
1232 4192 1352 4260 factum
1381 4193 1431 4270 sit,
1463 4195 1500 4258 ut

260 4291 415 4374 Oruquius
439 4311 528 4358 voces
552 4293 624 4358 illas
648 4297 713 4357 tam
736 4312 830 4376 prave
853 4292 1014 4372 scriberet,
1038 4294 1227 4360 facillimum
1251 4296 1328 4362 dicit
1351 4314 1416 4362 esse
1431 4315 1499 4378 per-

260 4398 378 4478 spectu.
403 4414 476 4460 nem
505 4395 657 4460 lemmata
686 4415 759 4460 eum
788 4397 955 4478 sumpsisse
982 4398 1082 4462 videri
1118 4418 1136 4464 e
1169 4402 1315 4466 contextu
1350 4401 1498 4482 antiquae

261 4497 414 4576 editionis,
438 4499 526 4563 cuius
549 4499 671 4564 textum
687 4498 895 4566 Horatianum
919 4501 968 4566 vel
983 4517 1044 4564 non
1060 4501 1219 4566 mutatum
1236 4502 1285 4566 vel
1301 4501 1499 4568 mediocriter

264 4603 439 4669 correctum
462 4603 494 4667 in
517 4621 574 4668 sua
597 4602 733 4668 editione
756 4604 989 4685 exprimendum
1020 4608 1160 4687 curaret3
1190 4605 1294 4688 itaque
1323 4604 1400 4670 loeis
1429 4605 1501 4670 istis
