3404 5212
778 343 969 404 „pm

254 536 445 596 autemnon
469 551 585 606 omnes,
610 531 644 595 in
667 531 780 613 quibus
803 529 919 596 versati
943 534 1027 605 sunt,
1059 531 1112 611 qui
1142 535 1215 595 ante
1246 551 1296 596 me
1319 531 1356 596 de
1380 531 1438 594 hac
1461 550 1493 594 re

253 638 458 717 scripserunt,
482 653 598 700 errores
614 637 702 717 quasi
718 653 788 698 cum
804 633 981 716 pulvisculo
997 651 1177 698 converrere
1193 635 1225 698 et
1243 633 1492 716 singillatim

253 737 399 803 refellere
423 739 544 823 studui,
567 739 627 805 hoc
649 739 742 804 facile
766 737 966 822 condonabis,
990 756 1060 802 cum
1083 738 1269 821 praesertim
1292 758 1354 804 non
1369 739 1492 819 dIscep·
1615 759 1620 770 ·

253 843 351 920 tandi,
376 843 429 908 sed
453 838 625 909 disserendi
650 861 762 907 munus
784 840 984 924 susceperim.
1021 859 1094 904 cum
1117 859 1178 905 uno
1211 841 1335 905 tantum
1368 841 1494 905 homine

253 947 377 1028 saepius
401 965 462 1011 non
477 947 567 1030 potui
583 964 643 1010 non
659 943 835 1029 digladiari,
854 944 968 1026 quippe
983 942 1037 1025 qui
1054 944 1155 1008 totam
1171 943 1261 1007 litem
1278 943 1491 1026 Cruquianam

253 1049 432 1133 nuperrime
448 1051 508 1116 sibi
521 1049 720 1115 tractandam
737 1050 830 1130 atque
845 1046 1053 1112 dirimendam
1069 1047 1248 1128 sumpserit.
1274 1049 1299 1111 is
1315 1050 1362 1110 est
1374 1046 1493 1111 Paulus

253 1151 376 1228 Hoetu,
410 1155 532 1218 iuvenis
565 1151 661 1235 probe
693 1152 816 1232 doctus,
850 1150 904 1232 qui
938 1149 1157 1216 dissertatione
1191 1170 1247 1216 sua
1292 1152 1354 1233 (De
1388 1150 1493 1214 codice

253 1255 420 1321 Blandinio
443 1257 671 1339 antiquissimo,
694 1255 786 1319 lenae
804 1254 896 1318 1883.
927 1254 1026 1336 edIta)
1052 1253 1181 1318 eandem
1203 1253 1287 1318 viam
1302 1252 1492 1337 ingressuris

254 1378 315 1424 non
336 1360 446 1444 paucis
469 1362 501 1424 in
523 1359 616 1424 rebus
639 1358 777 1441 palmam
800 1356 984 1440 praeripuit.
1010 1375 1119 1420 verum
1153 1359 1259 1421 tamen
1282 1376 1341 1421 non
1366 1359 1412 1422 tta
1434 1357 1490 1422 ille

254 1481 383 1528 munere
407 1482 463 1528 suo
487 1463 615 1528 functus
638 1463 695 1542 est,
718 1465 764 1541 ut,
788 1463 816 1525 si
839 1463 953 1526 iterum
973 1460 1053 1526 hanc
1069 1461 1282 1544 quaestionem
1305 1459 1491 1536 instItueris,

255 1586 322 1631 rem
344 1568 449 1632 aetam
472 1584 564 1649 agere
587 1565 731 1631 videaris.
755 1583 816 1647 qua
839 1565 877 1629 de
899 1582 993 1629 causa
1029 1565 1092 1630 iam
1115 1564 1279 1646 accingam
1309 1583 1358 1628 me
1382 1565 1420 1628 ad
1445 1581 1490 1644 ea,

254 1689 332 1751 quae
365 1671 403 1736 de
437 1669 572 1752 Oruquio
612 1669 740 1752 eiusque
781 1665 863 1732 libro
898 1667 1113 1732 vetustissimo
1148 1668 1312 1733 observare
1347 1665 1491 1749 contigit,

254 1772 448 1854 explicanda.

356 2183 526 2250 Breuitatis
550 2200 640 2248 causa
669 2182 823 2264 adponam
857 2201 964 2248 eorum
999 2181 1152 2248 librorum
1184 2181 1305 2256 titulos,
1341 2183 1380 2248 ad
1415 2203 1492 2267 quos

255 2285 443 2352 evolvendos
466 2287 602 2352 lecturos
625 2285 658 2350 in
680 2285 740 2352 hac
763 2286 983 2352 dissertatione
1006 2285 1056 2350 vel
1085 2284 1191 2367 paucis
1222 2289 1348 2350 tantum
1376 2287 1494 2354 litteris

254 2390 399 2472 relegato
424 2390 475 2455 rel
498 2408 575 2473 quos
598 2389 759 2473 perlegere
782 2391 917 2467 debebit,
946 2390 1135 2472 quicumque
1164 2389 1341 2454 accuratius
1373 2390 1494 2456 edoceri

255 2493 400 2560 voluerit.
424 2495 500 2560 sunt
522 2512 596 2560 vero
619 2494 669 2558 hi:

255 2595 491 2682 Dillenburgeri
514 2595 587 2663 diss.
611 2597 645 2660 in
669 2596 842 2664 Muetzellii
866 2615 937 2662 ann.
963 2596 1056 2662 1881.
1081 2615 1112 2678 p.
1134 2595 1196 2662 321
1221 2615 1286 2679 sqq.

257 2701 425 2767 Duentaeri
447 2700 521 2769 diss.
544 2700 579 2766 in
602 2700 796 2768 Fleckeiseni
818 2720 890 2767 ann.
917 2699 1011 2766 1856.
1034 2720 1063 2783 p.
1094 2700 1167 2766 799.
1197 2701 1228 2764 et
1256 2701 1288 2766 in
1320 2701 1493 2768 Muetnellii

358 2823 429 2869 ann.
453 2804 510 2870 XI.
536 2824 565 2887 p.
588 2801 652 2870 927
676 2823 744 2887 sqq.
767 2804 843 2870 ibid.
867 2803 989 2868 XVIII.
1012 2823 1042 2886 p.
1066 2803 1131 2868 876
1154 2823 1221 2887 sqq.

255 2907 448 2972 Haeussneri
470 2926 619 2974 censurae
643 2907 823 2974 libellorum
845 2927 864 2972 a
886 2907 1043 2984 Malvesia,
1074 2908 1223 2990 Matthia,
1254 2908 1397 2974 Hoehnio
1421 2926 1493 2974 con-

358 3011 544 3092 scriptomm
579 3011 613 3077 in
636 3011 794 3094 Philolog.
827 3011 987 3078 Rundsoh.
1010 3012 1071 3078 III.
1095 3032 1124 3094 p.
1149 3012 1214 3078 238
1235 3032 1303 3096 sqq.
1337 3011 1401 3080 939
1424 3032 1491 3095 sqq.

359 3119 390 3179 et
413 3114 468 3178 IV.
492 3135 521 3198 p.
546 3115 612 3182 430
634 3134 703 3199 sqq.
1080 3183 1084 3190 .

256 3217 485 3284 Hirschfelderi
508 3218 732 3299 Quaestionum
750 3218 1001 3307 ‘Horatianarnm
1024 3217 1363 3302 Specimen‚.Berolini
1390 3221 1491 3298 1862;

360 3320 501 3386 eiusdem
524 3322 598 3388 dtus.
625 3323 658 3388 in
681 3321 846 3406 Muetaelli
869 3341 941 3388 ann.
965 3323 1086 3388 XVIII.
1110 3342 1139 3405 p.
1164 3320 1238 3388 571.

256 3423 391 3490 Hoehnii
414 3425 486 3491 diss.
511 3427 559 3492 De
582 3427 685 3492 codice
709 3426 876 3492 BlandInio
900 3426 1127 3509 antiquissimo,
1151 3428 1242 3493 lenae
1267 3427 1361 3494 1888.

256 3526 386 3594 Holderi
411 3529 489 3610 disp.
514 3529 547 3594 in
569 3529 679 3594 Herm.
702 3529 778 3596 XII.
801 3549 832 3612 p.
858 3528 919 3596 501
944 3548 1010 3612 sqq.

255 3629 377 3696 Kelleri
399 3632 631 3715 Ilpilegomena,
654 3633 781 3716 Lipsiae
806 3635 905 3711 1879;
941 3633 1080 3700 eiuslem
1103 3634 1329 3712 disputationes
1352 3636 1386 3699 in
1409 3634 1491 3700 Mus.

358 3734 457 3801 Rhen.
480 3735 601 3802 XVIII.
625 3757 654 3820 p.
679 3737 740 3802 271
766 3757 843 3820 sqq..
866 3737 953 3804 XIX.
977 3759 1006 3821 p.
1031 3737 1096 3803 634
1118 3757 1185 3820 sqq.

254 3836 439 3919 Kiesslingii
463 3857 591 3904 censura
614 3840 652 3904 de
674 3839 797 3905 Kelleri
820 3840 1051 3924 llpilegomenis
1075 3843 1145 3906 acta
1166 3841 1199 3906 in
1222 3842 1259 3906 D.
1283 3841 1318 3906 L.
1344 3840 1377 3904 Z.
1396 3840 1490 3906 1881.

359 3960 387 4023 p.
413 3940 507 4006 1038.

254 4043 426 4110 Kirchneri
449 4046 557 4110 Novae
581 4045 786 4126 Quaestiones
810 4045 1015 4131 Horatianae,
1039 4048 1162 4129 lipsiae
1188 4047 1280 4112 1847.

256 4145 399 4212 Riccardi
422 4147 569 4215 Kukulae
591 4168 718 4215 censura
740 4149 840 4214 libelli
864 4169 882 4214 a
904 4151 1051 4215 Menesio
1080 4151 1241 4232 compositi
1272 4151 1304 4216 in
1336 4151 1492 4234 Philolog.

359 4251 517 4316 Rundseh.
541 4253 583 4317 ΙΙ.
607 4271 637 4335 p.
665 4251 744 4317 1001
770 4270 836 4335 sqq.

256 4354 450 4420 Lachmanni
473 4355 551 4438 dIsp.
576 4357 608 4422 in
631 4356 752 4438 ephem.
776 4375 834 4421 rer.
863 4354 959 4438 antiq.
986 4355 1077 4420 1845.
1103 4374 1153 4420 no.
1178 4356 1229 4421 61.
1254 4356 1305 4422 62.

256 4457 386 4523 Luciani
408 4458 556 4524 Muelleri
579 4460 801 4526 commentatio
825 4461 857 4524 in
880 4459 1074 4524 Fleckeiseni
1096 4479 1170 4525 ann.
1189 4460 1281 4526 1862.
1298 4480 1328 4544 p.
1346 4460 1409 4526 726
1424 4479 1494 4542 sqq.

256 4560 412 4626 Matthiae
436 4560 660 4642 Quaestionum
684 4564 969 4629 Blandinianarum
994 4564 1098 4646 capita
1120 4565 1191 4644 tria,
1216 4564 1289 4629 Hal.
1307 4565 1377 4630 Sar.
1400 4565 1492 4631 1882.
