3404 5212
706 388 916 452 -23..

189 582 284 645 tectio
318 581 369 644 val
397 582 571 642 ceterorum
595 575 835 640 Blandiniorum
865 575 915 638 vel
944 575 1077 638 aliorum
1107 575 1247 636 omnium
1277 569 1427 645 codicum,

189 683 270 748 nihil
304 682 390 747 aliud
425 681 524 744 eonioi
554 683 655 760 potest
692 678 753 742 nisi
794 676 1075 760 Oruquiumbane
1102 677 1233 740 alteram
1263 675 1427 738 lectionem

189 788 286 853 codici
309 785 522 850 vetustissimo
545 782 743 848 adtribuisse.

289 889 374 970 Quid
398 886 619 970 praeterendo
644 887 688 950 sis
711 885 911 959 leotionibus,
936 903 1014 968 quae
1045 885 1078 948 in
1110 885 1221 965 quarto
1244 879 1428 945 Carminum

187 993 266 1058 libro
285 992 386 1058 tribus
402 994 528 1056 tantum
544 989 722 1054 Blandiniis
738 988 955 1069 adsignantur,
972 989 1174 1050 statuendum
1191 1002 1256 1047 esse
1273 982 1427 1061 videatur,

187 1097 293 1179 paullo
326 1113 422 1176 supra
444 1093 668 1158 demonstravi.
703 1110 814 1155 verum
848 1109 920 1154 eum
954 1091 1048 1154 etiam
1083 1089 1123 1152 ad
1158 1092 1274 1152 eeteros
1301 1083 1428 1150 Horatii

187 1201 284 1266 libros
307 1213 545 1278 nonnumquam
568 1195 667 1258 trium
690 1194 931 1258 Blandiniorum
955 1194 1106 1258 tentiones
1129 1193 1353 1273 proponantur,
1377 1185 1428 1250 hie

187 1301 266 1366 mihi
287 1301 320 1364 id
342 1303 482 1381 repetere
504 1299 609 1378 liceat,
632 1299 715 1379 quod
737 1299 801 1361 iam
817 1295 927 1359 Hoehn
949 1315 980 1376 p.
1000 1296 1039 1360 13
1057 1313 1123 1378 sqq.
1151 1298 1234 1357 reete
1257 1289 1425 1374 perspexit,

187 1405 274 1470 nullo
296 1409 386 1485 paeto
410 1400 548 1482 expediri
563 1417 661 1482 posse,
685 1401 793 1464 utrum
809 1398 965 1480 Cruquius
981 1399 1024 1462 ibi
1042 1393 1231 1462 verbis‘tres
1248 1387 1424 1462 Blandinii'

186 1507 444 1589 antiquissimum.
465 1503 508 1568 sit
536 1503 730 1585 complexus,
764 1520 804 1566 an
835 1520 908 1566 vero
936 1521 988 1566 eae
1017 1501 1167 1565 tentiones
1196 1497 1294 1564 eodiei
1317 1495 1345 1558 V
1368 1495 1426 1558 tri-

187 1610 330 1676 buendae
358 1609 437 1684 siut,
469 1625 548 1688 quae
576 1609 613 1669 nt
641 1624 660 1670 a
684 1603 795 1669 ‘trium
825 1603 1075 1669 Blandiniorum'
1101 1601 1268 1685 seripturis
1305 1597 1426 1664 alienae

186 1712 395 1795 preferuntur.
426 1711 557 1776 fortasse
587 1727 658 1774 uum
688 1712 823 1790 quadam
845 1708 1068 1790 probabilitate
1091 1707 1190 1772 statui
1218 1707 1322 1788 potest
1346 1703 1425 1767 uru-

189 1818 312 1898 quium‚
344 1815 534 1894 ubicumque
570 1811 674 1876 tribus
710 1811 775 1878 illis
805 1811 985 1876 Blandiniis
1020 1795 1279 1876 vetustissimum
1304 1823 1425 1888 quoque

186 1919 310 1984 includi
340 1917 447 1993 vellet,
477 1918 509 1980 id
540 1918 655 1980 diserte
687 1915 792 1998 ipsum
814 1915 1017 1999 significasse,
1041 1915 1138 1981 veluti
1160 1913 1194 1980 (i.
1218 1913 1343 1994 11130,
1369 1913 1425 1978 12:

179 2021 346 2105 ‘repono-it
365 2019 571 2101 populerunt.
595 2019 641 2082 sie
662 2021 727 2084 tres
751 2018 863 2082 Bland.
886 2019 1122 2100 antiquissimus
1145 2019 1212 2082 sine
1235 2019 1300 2082 ulla
1329 2017 1427 2082 litura

186 2144 258 2190 oum
281 2125 347 2200 stt,
378 2125 433 2188 sed
462 2123 522 2186 duo
551 2121 607 2186 alii
629 2121 742 2186 Bland.
773 2140 827 2202 per
855 2120 1003 2188 lituram'.
1027 2143 1065 2188 ne
1093 2124 1212 2188 multa:
1242 2141 1348 2188 omnes
1376 2120 1425 2186 illi

183 2231 244 2295 looi
268 2227 381 2292 dubiae
403 2229 479 2290 sunt
502 2225 574 2290 fidei
597 2243 698 2306 neque
726 2224 823 2288 ullius
854 2227 886 2288 in
918 2227 976 2292 hae
1004 2228 1184 2308 quaestione
1216 2227 1423 2292 auctoritatis.

288 2331 387 2396 Plana
411 2331 519 2392 eadem
542 2329 622 2392 ratio
645 2329 694 2392 est
716 2347 822 2392 eorum
847 2329 994 2406 lucorum,
1018 2329 1132 2412 quibus
1156 2330 1249 2394 leotio
1273 2332 1421 2412 quaedam

184 2433 305 2500 duobus
329 2432 505 2498 Blandiniis
530 2431 719 2510 vindicatur,
742 2432 831 2496 velut
854 2430 888 2498 0.
912 2433 928 2496 Ι
955 2433 1054 2509 l,35:
1072 2431 1214 2498 ‘inseres
1238 2434 1284 2497 sio
1307 2432 1425 2496 habeut

184 2541 245 2603 duo
262 2538 373 2602 Bland.
392 2541 422 2599 et
438 2536 503 2600 eod.
520 2532 633 2618 Oarr.';
651 2535 690 2600 of.
704 2535 759 2618 Ep.
773 2536 845 2615 112,
861 2536 921 2600 98:
932 2533 1209 2618 ‘lumiooprima
1235 2537 1294 2600 duo
1310 2535 1424 2600 Bland.

183 2639 428 2724 apertahabent,
453 2656 559 2720 prona.
584 2639 638 2702 sed
662 2638 828 2722 antiquiss.
853 2658 908 2720 per
930 2642 1069 2723 lituram,
1094 2641 1213 2706 lumina
1228 2637 1349 2722 prima'.
1373 2639 1424 2702 his

184 2763 305 2827 quoque
328 2745 405 2808 loeis
428 2745 512 2806 reete
535 2742 671 2807 conicias
700 2745 950 2808 vetustissimum
979 2744 1024 2808 ibi
1052 2747 1178 2808 tantum
1208 2744 1328 2808 duobus
1357 2742 1422 2806 illis

175 2847 360 2916 ,Blandiniis
395 2846 633 2910 adnumeratum
658 2865 735 2920 esse,
771 2847 826 2909 ubi
849 2845 1003 2928 Cruquius
1026 2848 1092 2928 ipse
1116 2848 1196 2912 bauo
1218 2867 1284 2912 rem
1308 2846 1421 2912 diserte

184 2951 488 3016 commemorandam
509 2949 649 3031 putavit3
674 2949 713 3012 of.
726 2949 783 3032 Ep.
801 2949 835 3013 ΙΙ
857 2951 887 3028 3,
904 2948 982 3013 294:
1001 2947 1220 3036 ‘praesectum
1246 2952 1290 3016 sie
1312 2951 1424 3034 legunt

186 3056 257 3119 duo
280 3055 360 3120 eod.
384 3053 524 3118 Bland.
548 3071 646 3116 unus
671 3069 754 3116 oum
778 3049 928 3136 antiq.';
953 3053 1157 3137 0.113,11;
1181 3053 1257 3118 ibid.
1279 3055 1422 3132 13,8al.

285 3157 426 3240 Denique
448 3156 554 3220 nullus
577 3154 697 3230 dubito,
714 3153 790 3236 quin
805 3156 889 3220 reete
904 3155 1016 3221 Hoehn
1031 3177 1060 3240 p.
1080 3159 1119 3224 14
1136 3175 1182 3238 sq.
1208 3159 1306 3222 desis
1322 3160 1423 3222 statu-

183 3263 243 3326 erit
271 3261 358 3340 loeis,
390 3259 446 3324 ubi
476 3261 509 3323 in
527 3255 649 3324 ‘tertio'
681 3260 732 3323 vel
749 3255 891 3340 ‘quarto’
923 3261 1029 3325 oodiee
1052 3261 1223 3326 Blandinio
1254 3263 1422 3328 leotionsm

182 3367 337 3447 quandam
360 3364 494 3428 inveniri
517 3362 672 3444 Cruquius
695 3368 805 3427 auotor
828 3369 885 3426 est.
914 3365 1052 3445 profecto
1075 3369 1219 3432 omnibus
1244 3367 1310 3430 eius
1334 3367 1419 3432 modi

182 3470 260 3533 loeis
282 3470 425 3532 aeeurate
448 3467 598 3549 inspeetis
621 3467 690 3531 luce
713 3465 749 3530 fit
772 3467 887 3531 elarius
911 3468 1082 3552 Cruquium
1111 3475 1198 3534 certa
1226 3488 1263 3534 ao
1292 3469 1421 3534 definita

183 3573 304 3637 cedices
327 3571 457 3636 notandi
481 3569 726 3652 numerandique
748 3573 869 3634 ratione
901 3573 1026 3636 omnino
1056 3591 1148 3638 usum
1180 3591 1240 3638 non
1271 3591 1345 3650 esse,
1377 3575 1422 3638 ita

181 3678 217 3740 ut
239 3671 487 3756 illud‘quartus'
513 3674 563 3737 vel
582 3670 725 3737 ‘tertius’
751 3673 831 3738 nihil
855 3673 942 3738 aliud
965 3677 1069 3740 valeat
1093 3676 1155 3742 nisi
1173 3674 1302 3754 ‘unus'3
1327 3695 1421 3760 quam

180 3780 220 3844 ob
253 3797 321 3842 rem
355 3776 542 3842 loetiouibus
576 3779 643 3840 tam
679 3777 805 3840 incertis
842 3779 874 3840 et
904 3777 1007 3842 dubiis
1038 3783 1233 3846 momentum
1264 3781 1420 3865 quoddam

181 3883 216 3946 in
238 3881 296 3946 hae
319 3902 352 3946 re
375 3880 579 3944 tribuendum
602 3899 662 3944 non
686 3884 745 3944 est.

765 4051 838 4132 VI.

284 4187 352 4256 iam
375 4209 447 4255 vero
470 4189 576 4256 omnia
597 4189 724 4274 protuli,
748 4189 781 4256 in
805 4189 917 4272 quibus
943 4193 1084 4260 Hoehnio
1107 4176 1258 4264 adsentiri
1281 4181 1416 4284 possum,

181 4294 240 4359 etsi
264 4294 315 4358 hie
334 4293 404 4374 ¹illie
428 4298 520 4357 cauta
541 4293 676 4376 quadam
698 4295 909 4360 reservatione
933 4297 1082 4364 adhibita.
1109 4305 1160 4368 sed
1190 4307 1312 4369 restant
1340 4323 1417 4370 non·

179 4398 277 4482 nulla,
302 4416 380 4480 quae
404 4403 459 4462 aut
482 4398 606 4461 omnino
629 4397 802 4462 refellenda
823 4399 889 4462 sint
912 4405 967 4464 aut
990 4404 1166 4468 accuratius
1189 4408 1362 4472 tractanda.

283 4502 331 4566 Aa
353 4503 491 4584 primum
515 4502 641 4583 quidem
664 4503 708 4564 eis
731 4503 818 4584 loeis,
843 4501 897 4568 ubi
920 4508 981 4568 duo
998 4505 1044 4583 (C.
1062 4507 1126 4572 ΙΙΙΙ
1144 4513 1170 4591 1,
1195 4510 1261 4594 20.)
1285 4511 1415 4576 veltres

181 4603 342 4670 Blandinii
366 4605 446 4690 (Sat.
470 4607 503 4670 Π
527 4605 557 4682 2,
581 4606 612 4678 3)
647 4605 849 4672 nominantur
878 4602 1127 4692 ‘vetustissimi'‚
1162 4632 1223 4677 non
1259 4613 1418 4680 dubitavit
