3404 5212
659 417 871 490 rbi--

130 596 260 655 ‘uvescit
278 601 387 656 loeiiue.
405 603 518 666 nuescit,
536 602 638 656 habeut
656 607 673 654 4
691 603 747 658 eod.
766 604 862 658 Bland.
881 605 950 674 quod
970 606 1061 674 aptius
1080 609 1129 671 est,
1148 622 1227 675 quam
1241 607 1382 669 humescit,

141 691 174 740 ut
192 681 295 742 habent
313 682 362 743 alii
384 726 462 741 .....
472 682 491 740 .'
510 719 545 728 —
563 676 586 753 8,
606 689 648 742 77.
667 683 798 744 ‘Geretae
815 691 882 745 haee
899 692 974 745 irater
997 729 1089 744 ......
1118 691 1166 746 Sil.
1186 693 1267 747 codex
1291 693 1382 756 habet,

142 773 257 827 Ceruius
275 773 325 827 has
342 774 416 829 inter
438 775 540 829 vicinos
564 775 653 842 garrit
676 776 781 843 auileis,
805 780 856 832 etc.
884 777 966 833 Mart.
993 779 1070 847 legit,
1099 777 1211 832 Ceruius
1239 779 1284 833 hle
1311 781 1384 833 iuter

141 861 256 925 ricinos,
275 864 324 916 eto.
343 861 391 915 alii
409 877 508 924 omnes,
528 861 641 916 Cernius
660 861 725 915 haec
739 863 818 928 iuter,
838 867 887 916 etc.
900 870 1087 934 praeterquam
1100 866 1274 934 quodomner
1288 865 1384 922 Bland.

143 945 271 1010 habeant,
289 947 400 1000 viciuos.
421 948 469 1015 qui
487 949 644 1001 nominandi
662 964 739 1002 ersus
758 950 799 1001 est
822 987 916 1002 ......
939 951 1051 1018 antiquo
1077 967 1152 1004 more
1180 951 1307 1019 scriptae,
1336 968 1383 1019 pro

142 1033 250 1086 vicinus
274 1027 379 1085 ......’
401 1063 430 1073 -
451 1035 476 1097 7,
498 1034 536 1087 ld.
563 1029 671 1086 ‘......
694 1032 724 1086 τὸ
743 1034 843 1099 doctor,
871 1035 972 1088 habeut
998 1051 1089 1089 omues
1108 1035 1202 1088 Bland.
1228 1035 1330 1090 codices
1357 1039 1385 1089 et

143 1119 227 1172 Mart.
241 1135 306 1186 quos
324 1119 410 1172 secuti
429 1113 538 1172 sumus?
556 1149 592 1160 —
609 1120 634 1182 7,
654 1119 695 1172 17.
717 1114 845 1174 ‘mitteret
862 1121 893 1174 in
907 1121 1049 1194 pbymom.
1068 1122 1106 1175 sic
1133 1122 1234 1174 codices
1252 1122 1348 1175 Bland.
1368 1129 1385 1176 4

143 1205 221 1258 Busl.
242 1204 291 1258 sil.
311 1210 338 1258 et
356 1205 426 1258 hane
444 1221 548 1274 quoque
566 1203 707 1259 lectionem
726 1222 787 1260 curn
806 1205 920 1260 Contere
945 1207 1052 1260 doctiss.
1077 1206 1165 1260 iudico
1191 1207 1335 1274 genuinam
1358 1210 1385 1260 et

143 1291 331 1356 Horatianam,
350 1291 497 1359 inqueeins
515 1291 602 1345 locum
621 1291 760 1359 irrepsisse
777 1291 808 1345 τὸ
829 1308 944 1362 pyrgum
962 1331 1055 1346 ......
1079 1293 1214 1346 Scribitur
1226 1295 1254 1345 et
1267 1291 1386 1360 φιμὸς(ι)

144 1378 175 1430 in
202 1380 295 1446 uuoii)
324 1377 412 1431 codiee
436 1376 541 1442 Bland.,
564 1378 789 1447 quemadmodum
807 1383 834 1432 et
853 1379 924 1448 apud
942 1379 1100 1433 Aeschinem
1124 1374 1229 1432 .....’
1249 1409 1282 1420 -
1300 1381 1325 1443 7,
1344 1379 1386 1432 te.

143 1460 290 1536 ‘turisque
310 1465 348 1517 sie
366 1464 430 1518 libri
447 1465 542 1532 scripti
561 1465 656 1518 Bland.
685 1465 902 1534 antiquissimus,
922 1465 1000 1519 Tuus.
1019 1465 1093 1521 Busl.
1113 1466 1161 1520 Sil.
1181 1465 1280 1534 reliqui
1298 1467 1387 1536 supie-

145 1569 208 1618 que.
231 1545 336 1603 ......’
356 1581 391 1592 -
408 1553 433 1616 7,
453 1551 495 1604 48.
513 1547 621 1606 ‘......
644 1555 787 1608 vehemens
805 1552 892 1606 libido
911 1552 1032 1607 incendit
1051 1568 1093 1605 me
1111 1556 1161 1606 etc.
1181 1558 1197 1604 4
1215 1551 1273 1606 cod.
1292 1551 1387 1605 Bland.

145 1637 228 1690 Tuus.
248 1636 327 1690 Mart.
346 1637 455 1703 habent,
468 1633 613 1692 iniendii'.
628 1669 657 1679 -
672 1641 697 1707 7,
710 1638 752 1693 72.
771 1634 828 1692 ‘obi
845 1653 919 1691 oasa.
938 1638 1033 1690 Bland.
1053 1637 1109 1690 eod.
1129 1637 1272 1706 antiquiss.
1291 1637 1386 1700 habet,

146 1717 223 1776 uisa?
243 1753 276 1762 -
295 1723 319 1788 7,
338 1723 380 1778 81.
398 1718 458 1777 ‘olii
474 1725 563 1778 seroie
580 1726 669 1778 miser.
689 1725 727 1779 sio
745 1723 824 1778 codex
848 1721 942 1777 Bland.
961 1723 1166 1791 antiquissimus
1190 1739 1251 1776 eum
1278 1722 1383 1776 duobus

147 1810 218 1875 aliis,
243 1825 297 1862 non
324 1809 416 1873 etiarn,
443 1813 473 1862 ut
499 1812 583 1864 ceteri
606 1827 705 1876 omues,
729 1812 792 1868 aliis
884 1806 918 1864 ..’
940 1841 972 1850 -
992 1812 1016 1876 7,
1043 1811 1084 1865 82.
1109 1806 1193 1880 ‘sibiq
1217 1811 1387 1878 imperiosus.

148 1898 188 1950 sie
206 1896 289 1949 codex
307 1897 402 1950 Bland.
422 1896 629 1966 antiquissimus
647 1915 708 1951 cum
728 1898 807 1951 Tune.
828 1901 855 1952 οι
874 1897 940 1952 Busl
943 1935 1057 1949 .......
1074 1897 1171 1965 reliqui
1183 1896 1284 1950 codices
1297 1911 1388 1949 omues

96 2047 97 2052 ἵ
149 1983 260 2047 habent,
279 1983 332 2038 sibi
351 1983 397 2052 qui
416 1983 508 2050 imper.
532 2025 536 2035 .
566 1979 634 2038 ....’
655 2015 687 2024 -
706 1985 731 2051 7,
754 1984 810 2038 112.
829 1979 865 2038 ‘et
884 2000 953 2038 erro.
982 1983 1020 2036 sic
1043 1982 1175 2050 seriptum
1200 1985 1242 2035 est
1265 1983 1293 2034 iu
1317 1982 1389 2034 auti·

148 2069 279 2137 quissimo
298 2069 395 2124 Bland.
414 2069 493 2122 Tons.
514 2070 618 2135 Diuaei,
638 2071 712 2124 Busl.
731 2069 800 2126 Nan.
820 2071 900 2125 Mart.
919 2069 970 2122 Sil.
988 2070 1015 2122 iu
1039 2069 1130 2126 tribus
1154 2068 1217 2121 aliis
1242 2066 1338 2120 Bland.
1358 2068 1390 2118 ιιι

150 2171 209 2208 erro
232 2152 337 2210 ......’
358 2187 391 2196 -
410 2157 434 2218 8,
453 2158 495 2210 28.
521 2152 616 2224 ‘prope
634 2175 683 2210 me.
712 2157 791 2211 codex
815 2155 976 2209 Blandiuiua
999 2155 1205 2228 antiquissimus
1229 2152 1318 2207 habet.
1341 2167 1390 2219 pro

150 2258 193 2294 me
215 2236 323 2294 ......’
343 2272 375 2281 -
394 2242 419 2307 8,
443 2244 485 2297 48.
512 2238 572 2296 ‘inre'
595 2244 733 2296 conuiuae
754 2243 823 2296 ieeic'.
855 2242 887 2294 lu
911 2241 1124 2296 commentatore
1153 2239 1251 2306 duplex
1279 2240 1391 2290 notatur

152 2329 242 2394 lectio,
271 2329 317 2382 sed
344 2346 392 2382 nos
421 2330 533 2397 priorem
558 2347 650 2383 sumus
668 2329 813 2398 amplexati
841 2345 871 2380 ex
898 2333 914 2380 4
936 2323 1073 2380 codicibus
1096 2323 1303 2378 Bland.'reluti
1330 2337 1391 2388 pro·

152 2415 335 2467 beatissimam:
355 2415 468 2483 vulgata
486 2430 610 2483 namque,
624 2415 722 2468 secutis
736 2415 861 2468 omnibus
874 2413 938 2466 imis
955 2449 1049 2465 ......
1066 2411 1143 2465 nobis
1156 2412 1263 2479 penitus
1277 2407 1392 2461 habetur
1419 2449 1421 2454 .

151 2500 271 2554 absurda
297 2495 401 2552 .....’
423 2531 455 2539 -
474 2502 498 2565 8,
523 2502 562 2554 52.
586 2496 678 2570 ‘quom
701 2507 772 2555 testo
798 2501 909 2554 morino
932 2515 955 2552 r.
988 2535 1082 2551 ......
1115 2497 1239 2552 Ceterum
1265 2495 1392 2548 lectorem

153 2587 287 2641 monitum
301 2589 376 2641 volui
389 2589 415 2640 iu
429 2588 553 2641 omnibus
567 2590 674 2657 scriptis
687 2589 760 2656 poni,
774 2588 847 2658 quod
859 2594 930 2642 tesia
942 2588 1053 2642 morino
1064 2587 1187 2640 remittit.
1206 2588 1393 2653 praeterquam

153 2676 181 2727 in
205 2676 390 2728 vetustissimo
414 2675 509 2728 Bland.
533 2675 581 2728 ubi
605 2675 713 2743 legitur,
741 2692 795 2742 quo
818 2681 888 2728 tesia
910 2675 1024 2727 mariue
1046 2690 1070 2725 r.
1098 2676 1127 2724 et
1153 2687 1233 2738 supra
1260 2672 1392 2730 notatum,

154 2781 183 2816 eo
294 2757 312 2814 .’
338 2793 369 2803 —
389 2763 414 2827 8,
441 2763 482 2818 88.
519 2758 635 2816 ‘artemis
668 2763 732 2816 albi.
765 2761 863 2814 Bland.
893 2763 973 2814 eoderr
1003 2760 1086 2828 antiq.
1117 2761 1145 2811 οι
1175 2758 1255 2812 Tons.
1283 2755 1393 2816 habeut,

154 2850 232 2903 albae
254 2887 348 2902 ......
352 2843 360 2866 ³
391 2881 419 2888 —
440 2851 570 2920 Epist-I
592 2849 614 2914 l,
634 2849 675 2904 22.
702 2845 751 2902 ‘eet
769 2848 898 2916 quodam.
926 2847 965 2900 sic
987 2847 1079 2899 inueni
1103 2845 1160 2897 siue
1186 2843 1243 2896 ulla
1261 2841 1346 2895 litura
1364 2840 1393 2893 in

156 2935 348 3004 antiquissimo
367 2935 463 2988 Bland.
483 2935 571 2988 codiee
590 2941 617 2988 et
630 2934 798 2988 Buslidiano.
817 2927 918 2986 Nannii
932 2931 1011 2986 codex
1023 2931 1114 2996 habet,
1128 2936 1170 2984 est
1182 2930 1274 2997 alique
1287 2926 1395 2996 prodire

156 3027 236 3076 tenus
255 3025 306 3075 ete.
325 3023 408 3075 ceteri
427 3037 519 3074 omnes
538 3021 647 3086 habent,
666 3023 708 3074 est
726 3021 841 3088 quodem
861 3015 918 3073 ete?
935 3049 966 3059 -
982 3019 1059 3084 1,3o.
1076 3012 1238 3085 ‘priseroquc
1256 3014 1395 3083 cupidine.

156 3110 195 3163 sie
212 3107 315 3162 hebent
333 3113 350 3162 4
368 3108 462 3160 Bland.
477 3108 556 3162 Tons.
576 3108 625 3160 Sil.
645 3107 728 3170 Busl.,
747 3107 854 3174 reliqui,
874 3105 970 3158 misera
988 3097 1140 3157 ......’—
1155 3103 1231 3168 1,55.
1249 3095 1395 3170 ‘prodocet

157 3195 247 3264 palem
266 3195 358 3258 doeet;
377 3195 414 3248 sie
432 3193 534 3246 habeut
552 3193 678 3246 4Blaud.
701 3193 773 3246 Busl.
792 3193 887 3246 Diuae.
908 3191 975 3245 Silu.
994 3191 1041 3244 sed
1059 3189 1171 3243 Martio.
1190 3189 1295 3242 edocet:
1314 3187 1396 3239 Tuus.

157 3283 185 3335 et
211 3280 281 3334 Nan.
308 3281 456 3349 praedocet
484 3280 599 3348 vulgati,
625 3279 750 3348 perdocet
772 3273 876 3332 .....‘
900 3308 928 3317 -
952 3277 975 3339 l,
993 3277 1035 3330 oa.
1062 3271 1099 3331 ‘et
1125 3281 1216 3344 optat.
1240 3311 1334 3326 ......
1358 3271 1396 3324 sic

150 3367 288 3421 'habent4
306 3367 402 3422 Bland.
416 3365 491 3418 Busl.
505 3365 593 3421 Neun.
611 3369 639 3418 et
652 3365 734 3418 Siluii
753 3366 843 3432 codex,
862 3365 919 3417 sine
938 3365 994 3418 ulla
1012 3365 1109 3418 litura:
1129 3363 1177 3416 alii
1197 3378 1258 3416 cum
1277 3359 1398 3426 vulgatis
1425 3377 1427 3382 ·

161 3454 283 3508 sentiunt
300 3453 330 3506 in
347 3453 387 3522 τῷ
404 3455 490 3522 optat,
510 3446 613 3506 .....’
635 3483 666 3490 -
686 3452 709 3517 2,
729 3453 754 3505 8.
771 3447 895 3507 ‘aestum
919 3452 957 3504 sic
980 3451 1081 3503 liabent
1098 3456 1115 3501 4
1132 3447 1229 3502 Bland.
1248 3446 1328 3500 Tons.
1347 3445 1397 3498 Sil.

159 3542 216 3596 cod.
235 3540 342 3608 reliqui,
362 3533 469 3594 aestus’.
488 3569 522 3578 -
540 3539 565 3605 2,
581 3538 622 3593 22.
641 3545 673 3591 οι
690 3538 819 3607 impulerit
836 3538 964 3592 homiues.
988 3536 1122 3589 hominem
1141 3533 1237 3588 Bland.
1256 3530 1398 3599 antiquiss.

165 3621 268 3678 ......’
288 3657 323 3666 -
340 3626 365 3680 2.
383 3626 424 3679 22.
442 3621 542 3694 ‘atque
561 3640 608 3692 pro
626 3626 712 3691 atqui,
733 3625 827 3678 Bland.
849 3618 999 3691 antiquiss?
1019 3653 1044 3661 -
1061 3623 1086 3686 2,
1100 3621 1142 3674 ³4.
1160 3616 1193 3674 ‘ei
1210 3620 1286 3674 uoles
1304 3633 1398 3680 eones,

161 3731 256 3769 curres
273 3713 448 3782 hydropicus.
476 3712 514 3765 sie
537 3711 667 3779 seriptum
691 3714 732 3763 est
755 3711 784 3763 in
808 3713 864 3766 cod.
893 3717 909 3763 4
933 3709 1028 3764 Bland.
1053 3709 1203 3767 Nannieno,
1228 3704 1398 3764 Buslidiano,

162 3803 241 3854 l‘ous.
267 3801 315 3853 Sil.
336 3799 393 3852 'alii
419 3797 527 3862 habent,
556 3813 616 3850 cum
642 3797 779 3864 vulgatis,¹
802 3799 826 3851 οι·
850 3798 923 3850 eolis
945 3812 1038 3859 saeue,
1057 3810 1136 3848 eures
1152 3792 1270 3862 hydrop.
1293 3825 1387 3842 ......
1389 3782 1398 3806 ’

162 3905 195 3930 -'
214 3891 238 3956 2,
257 3889 298 3945 28.
316 3884 392 3960 fream
409 3888 434 3942 si
452 3887 526 3956 quid.
550 3925 626 3940 .....
636 3896 644 3936 ·.
668 3886 791 3940 Ceterum
810 3889 826 3934 4
845 3883 940 3936 Bland.
959 3881 1014 3934 eod.
1034 3896 1093 3933 euru
1112 3879 1192 3932 Tons.
1211 3877 1286 3932 Busl.
1305 3876 1333 3927 et
1352 3873 1400 3926 Sil.

163 3979 271 4042 babent,
290 3976 369 4046 quid;
388 3974 534 4042 alii,·quod
641 3966 657 4021 .’
678 4002 710 4010 —
729 3971 753 4036 2,
765 3971 797 4023 ’4.
815 3965 935 4022 ‘torrere
959 4004 1052 4020 ......
1075 3965 1186 4018 iuterim
1204 3963 1328 4016 lectorem
1348 3975 1401 4014 uon

163 4065 252 4119 celabo
281 4063 455 4117 Blandininm
479 4061 535 4115 eod.
559 4059 772 4113 uetustissimum
796 4061 855 4109 euin
881 4055 966 4108 Siluio
989 4054 1034 4106 hie
1056 4053 1164 4118 habere,
1185 4053 1271 4103 terras
1295 4083 1388 4100 ......
1391 4039 1399 4062 '

164 4181 198 4192 -
215 4150 239 4214 4,
258 4149 284 4204 b.
309 4145 330 4201 ‘.
342 4190 347 4201 .
441 4137 536 4200 Bland.
557 4154 571 4198 4
591 4145 700 4209 habent,
728 4145 776 4212 pei
793 4159 890 4212 supere
909 4149 934 4196 ei
957 4141 1018 4207 fari
1039 4141 1123 4208 possit
1147 4154 1218 4208 quae
1242 4135 1353 4200 sentiat,
1378 4139 1402 4186 ei

165 4238 210 4291 eui
229 4239 283 4292 eic.'
417 4234 495 4287 Tons.
514 4232 605 4296 habet,
633 4233 824 4300 perpropere,
845 4233 891 4282 eie.
910 4227 1005 4297 reliqui
1025 4242 1124 4286 omnes,
1144 4229 1234 4292 'quom
1257 4236 1354 4289 sapere
1378 4225 1402 4271 et

165 4325 225 4390 fori
250 4330 283 4377 ut
309 4323 498 4390 possitquae
524 4319 633 4382 eeotioi,
662 4323 687 4372 et
706 4319 752 4371 eei
778 4322 825 4370 eie.
851 4309 955 4369 ......’
977 4343 1009 4352 -
1028 4311 1052 4375 d,
1074 4312 1098 4369 l.
1124 4305 1176 4364 ‘pil
1203 4308 1287 4362 admi.
1314 4321 1402 4374 prope

165 4429 218 4466 ree.
242 4448 334 4466 ......
357 4411 386 4462 in
404 4415 420 4462 4
439 4407 536 4461 Bland.
556 4405 612 4460 eod.
630 4403 734 4466 Diuaei,
753 4403 827 4456 Busl.
847 4402 893 4456 Sil.
913 4400 994 4454 Mart.
1014 4399 1116 4466 scripta
1133 4401 1175 4449 est
1194 4397 1239 4462 (sc.
1259 4395 1318 4459 vor)
1338 4407 1402 4444 cou-

165 4500 287 4566 iunctim,
305 4511 441 4565 properes:
460 4495 489 4547 in
508 4493 569 4547 aliis
587 4508 646 4545 eum
665 4489 785 4558 vulgatis
813 4487 932 4550 diuisim,
962 4501 1043 4554 prope
1069 4500 1110 4536 res
1133 4475 1237 4536 .....'
1264 4508 1298 4519 -
1316 4479 1341 4542 d,
1361 4477 1404 4531 51.

166 4581 224 4654 ‘quc'
239 4583 341 4650 fodicet
360 4583 440 4636 laios.
459 4581 535 4632 hanc·
547 4579 704 4647 scripturam
723 4582 740 4628 4
759 4575 816 4629 cod.
835 4573 930 4628 Bland.
949 4573 1055 4625 mutare
1073 4569 1141 4624 milri
1160 4569 1247 4620 visum
1266 4563 1405 4616 nonfuit:

169 4675 231 4726 liaeo
243 4671 314 4724 enim
327 4669 389 4732 tria,
403 4667 495 4732 dictet,
508 4665 617 4728 fodicet,
628 4667 716 4732 cogat,
735 4662 934 4730 appositissime
947 4658 1000 4710 sibl
1012 4657 1160 4710 consonant
1177 4690 1217 4704 ...
1230 4691 1235 4703 .
1247 4689 1253 4703 .
1265 4649 1286 4703 .'
1299 4679 1330 4748 f-
1342 4650 1366 4712 7,
1381 4648 1405 4700 5.
