3404 5212
744 370 937 436 ,5-

218 561 370 626 excidisse
383 565 502 644 putem.
525 579 598 626 nam
622 579 757 638 causam,
782 579 837 626 cur
859 561 908 626 ita
930 562 1012 627 esset
1028 561 1243 636 statuendum,
1267 578 1365 642 neque
1388 558 1456 642 ipse

218 663 341 729 addidit
374 681 473 747 nequa
506 682 563 750 ego
597 663 686 748 potui
719 665 885 747 indagar03
919 664 1016 729 immo
1045 681 1116 729 cum
1139 665 1280 748 suscepta
1302 663 1341 727 de
1365 679 1457 726 cruce

218 766 394 850 Oraquiana
415 767 575 834 scribendi
597 785 688 850 opera
717 767 749 833 id
771 769 971 850 potissimum
993 768 1108 834 Meues
1137 767 1199 834 sibi
1230 765 1455 848 inquirendum

217 873 411 954 proponeret,
444 874 551 936 utram
573 869 729 954 Oraquius
762 870 912 935 falsariis
946 875 1029 935 esset
1061 869 1222 936 habendus
1250 887 1357 946 necne,
1391 867 1455 934 iam

219 977 365 1058 adparere
381 977 504 1048 credam
521 975 571 1040 vel
585 975 686 1059 primo
703 975 816 1040 obtutu
831 991 1084 1056 unamquamque
1101 992 1138 1037 eu
1152 975 1206 1055 eis,
1227 991 1307 1054 qnae
1318 969 1459 1054 cruquio

218 1078 443 1160 superstite
476 1077 658 1160 prodierunt
692 1078 856 1154 editiones,
896 1077 1131 1142 accuratissime
1166 1075 1194 1141 ei
1228 1075 1456 1158 inspiciendam

218 1181 322 1247 fuisse.
358 1185 391 1246 at
413 1180 513 1247 dices:
548 1180 698 1264 quidnam
730 1181 804 1246 novi
837 1181 911 1246 inde
945 1199 1128 1265 cognoscere
1163 1181 1292 1263 potuit?
1315 1179 1454 1262 primum

217 1284 364 1350 instituta
386 1285 445 1350 tali
468 1283 634 1350 collatione
656 1302 737 1350 nova
759 1284 912 1366 quaedam
934 1287 1028 1367 atque
1050 1283 1211 1367 incognita
1226 1281 1329 1348 adbuc
1344 1280 1454 1346 discri-

217 1387 304 1454 mina
325 1389 408 1454 inter
435 1386 562 1470 Oruquii
595 1387 694 1471 ipsius
726 1387 941 1454 adnotationes
974 1388 1164 1472 investigare
1197 1388 1311 1471 potuit,
1345 1386 1392 1450 ita
1418 1389 1455 1450 ut

213 1487 417 1576 ‘religiosum
432 1487 601 1556 Batavum'
620 1491 658 1554 de
680 1509 755 1556 una
777 1492 989 1576 eademque
1012 1511 1046 1556 re
1062 1493 1094 1556 in
1110 1490 1244 1576 singulis
1260 1490 1452 1556 editionibus

218 1595 401 1660 diversas
424 1594 548 1676 saepius
571 1594 812 1674 obseruationes,
835 1595 1047 1674 lectiones,
1079 1593 1251 1662 sententias
1286 1592 1449 1659 uobiscum

217 1699 460 1764 communicasse
483 1697 688 1764 manifestum
710 1699 809 1763 fieret.
833 1697 945 1766 deinde
967 1698 1026 1764 loci
1049 1699 1177 1782 quidam
1200 1699 1233 1763 iu
1255 1699 1358 1764 lucem
1381 1715 1454 1779 pro·

220 1799 305 1864 trahi
337 1803 515 1883 potuerunt,
549 1799 605 1864 ubi
633 1799 789 1883 Cruquius
824 1801 862 1866 de
895 1821 973 1870 una
1006 1804 1218 1886 eademque
1249 1819 1283 1864 re
1316 1799 1350 1865 in
1383 1798 1455 1864 aliis

218 1903 354 1988 aliorum
389 1906 565 1987 temporum
599 1903 790 1970 editionibus
811 1905 954 1990 singulas
978 1907 1122 1972 codicum
1157 1922 1285 1971 suornm
1307 1903 1456 1969 lectiones

218 2006 309 2072 modo
322 2027 393 2072 cum
406 2009 594 2091 loquacitate
606 2010 741 2092 quadam
753 2011 897 2094 protulit,
910 2009 1002 2074 modo
1018 2007 1184 2076 silentio
1207 2025 1271 2074 eas
1294 2023 1456 2088 prorsas

217 2113 448 2193 praeteriit.
477 2112 609 2197 denique
632 2113 777 2178 nonnihil
799 2112 939 2178 indidem
961 2113 1134 2178 redundare
1149 2109 1254 2196 potuit
1268 2113 1306 2176 ad
1323 2107 1452 2192 Oraquii

217 2214 250 2278 et
272 2213 421 2296 loquendi
443 2219 474 2280 et
497 2215 662 2282 enarrandi
686 2216 942 2282 consuetudinem
966 2215 1143 2281 accuratius
1177 2216 1304 2280 tandem
1338 2213 1456 2296 perspi·

218 2315 369 2384 ciendam.
404 2336 483 2401 quae
519 2336 590 2384 cum
625 2319 671 2386 ita
707 2320 782 2396 sint,
815 2321 956 2402 quisque,
990 2317 1108 2402 opinor,
1142 2317 1222 2384 mibi
1260 2316 1455 2384 adsentiatur

216 2438 350 2486 omnes
374 2423 644 2501 certe-editiones,
669 2440 744 2506 quas
766 2424 833 2506 ipsc
847 2421 1003 2506 Cruquins
1025 2421 1110 2506 typis
1134 2420 1305 2497 mandavit,
1329 2435 1456 2502 aequo

216 2527 256 2586 et
278 2525 364 2605 pari
398 2526 503 2592 modo
536 2526 813 2609 respiciendae
847 2544 943 2590 esse.
988 2527 1022 2591 at
1044 2524 1169 2592 etiamsi
1192 2523 1226 2588 id
1248 2523 1452 2604 concedatur,

217 2630 325 2690 tamen
358 2646 421 2691 una
453 2631 604 2710 quaedam
636 2628 731 2694 editio
764 2628 890 2714 integra
924 2629 1037 2694 ceteris
1070 2628 1182 2694 melior
1215 2628 1266 2692 vel
1288 2625 1455 2692 correctior

217 2729 316 2812 possit
340 2730 521 2796 existimari.
561 2732 615 2796 sed
638 2731 712 2797 talis
748 2732 905 2799 sententia
935 2732 1022 2798 nullo
1043 2749 1171 2818 prorsus
1205 2729 1320 2794 nititur
1342 2725 1455 2793 funda'·

218 2834 337 2898 mento.
362 2853 435 2899 nam
459 2853 530 2900 cum
553 2833 725 2918 Oraquium
747 2853 809 2900 non
832 2836 952 2902 diutius
975 2855 1069 2920 qaam
1092 2852 1189 2918 usque
1216 2834 1256 2899 ad
1271 2835 1344 2898 anni
1360 2831 1456 2898 1566.

201 2954 359 3001 mensem
382 2936 533 3002 Sextilem
566 2938 685 3004 codices
716 2938 899 3006 Blandinios
932 2938 1135 3006 inmanibus
1169 2937 1284 3002 babere
1317 2937 1456 3020 potuisse

218 3039 298 3105 satis
322 3037 488 3124 constet²)‚
521 3042 615 3124 atque
647 3042 675 3106 is
697 3041 764 3124 ipse
794 3041 922 3110 ibatis
954 3041 1059 3107 verbis
1093 3041 1302 3124 conqueratur
1334 3037 1456 3104 codices

218 3142 289 3208 illos
312 3143 387 3228 igne
410 3146 611 3227 cousumptos
645 3163 718 3222 esse,
752 3146 936 3230 priusquam
957 3145 997 3212 ad
1031 3144 1165 3210 edendos
1199 3161 1307 3208 omnes
1329 3141 1456 3208 Horatii

218 3245 315 3311 libros
337 3247 484 3312 accedere
499 3251 662 3330 potuisset,
686 3254 769 3316 recte
786 3249 920 3315 conicias
936 3247 1167 3332 antiquioribus
1183 3249 1250 3312 eius
1266 3245 1456 3313 editionibus

218 3349 441 3434 grauissimam
464 3351 684 3420 auctoritatem
708 3371 775 3418 esse
803 3351 1013 3419 tribuendam.
1037 3372 1074 3418 ac
1107 3353 1174 3418 sine
1197 3350 1291 3418 dubio
1314 3352 1456 3433 iamper
1564 3339 1567 3352 '

218 3472 251 3519 se
273 3454 377 3536 ipsum
399 3454 465 3520 reri
488 3455 689 3522 simillimum
711 3459 759 3521 ast
781 3454 962 3539 Oruquium,
987 3457 1136 3540 quamdiu
1152 3455 1312 3521 Blandinii
1327 3453 1455 3520 dubita·

218 3557 306 3621 tione
340 3558 477 3639 quadam
516 3560 703 3642 interposita
736 3559 833 3626 semel
868 3563 962 3643 atque
999 3561 1115 3648 iterum
1148 3559 1261 3641 inspici
1298 3559 1455 3641 poterant,

218 3661 339 3726 tamdiu
362 3661 512 3728 lectiones
535 3681 643 3730 eorum
666 3665 782 3728 maiore
805 3683 876 3728 cum
900 3663 1066 3746 diligentia
1099 3681 1160 3728 non
1193 3663 1295 3727 solum
1317 3661 1455 3752 proferre

217 3765 418 3847 potuisse,
442 3768 496 3832 sed
531 3767 629 3832 etiam
663 3767 801 3850 proferre
825 3772 1009 3833 coactum
1043 3766 1151 3844 fuisse,
1185 3785 1224 3831 ne
1259 3764 1299 3830 ab
1332 3763 1455 3848 aequali

218 3870 352 3949 quodam
367 3888 423 3952 per
437 3870 522 3955 ipsos
536 3871 720 3936 Blandinios
736 3873 971 3936 convinceretur
986 3890 1063 3938 uere
1079 3889 1136 3936 sua
1150 3869 1249 3954 ipsius
1265 3868 1455 3936 confessione

218 3970 397 4036 indueretur
419 3975 512 4056 atque
535 3975 741 4058 iugularetur.

322 4092 434 4176 Itaque
468 4096 619 4163 editiones
654 4096 728 4162 illae
761 4114 867 4162 omues
902 4095 941 4161 ad
963 4112 1061 4160 unam
1094 4109 1191 4175 aequo
1219 4097 1251 4156 et
1273 4092 1341 4174 pari
1364 4093 1455 4157 modo

218 4198 291 4258 sunt
314 4195 534 4278 respiciendae,
558 4217 658 4282 neque
681 4202 738 4280 est,
762 4217 817 4264 cur
839 4197 989 4264 seriorem
1005 4199 1162 4280 quandam
1177 4193 1348 4260 editionem
1370 4194 1456 4276 prio·

217 4300 305 4364 ribus
327 4300 552 4383 praeferamus.

220 4457 424 4466 .--—----.—-.-

321 4558 341 4622 ²)
361 4556 395 4610 ci.
414 4555 592 4627 Zangemeist.
612 4558 681 4614 Mus.
700 4559 785 4614 Rben.
803 4558 876 4636 xlx,
895 4574 919 4628 p.
939 4563 998 4614 329.
