3404 5212
787 361 999 424 ..12-

253 556 424 631 ·÷‘canseret,
457 551 496 616 da
525 549 584 615 hac
614 568 647 613 ro
678 548 710 614 in
740 547 876 613 editione
904 565 933 612 a.
959 544 1053 612 1578.
1085 565 1129 612 na
1164 546 1320 612 uerbum
1353 541 1514 627 quidem

254 657 361 721 ¹lecit.
399 659 494 738 atque
517 652 657 718 incidens
680 653 760 718 forte
789 651 823 714 in
846 649 941 714 verba
963 648 1134 728 Strabonis,
1165 649 1197 714 in
1226 647 1362 713 editione
1391 649 1515 732 integra

276 759 315 824 de
338 759 465 824 nomine
482 751 651 840 ‘Agyieus'
677 755 805 838 eiusque
827 753 1026 836 potissimum
1050 755 1205 837 scriptura
1228 751 1289 819 sibi
1311 753 1514 817 referendum

277 863 447 947 proposuit,
482 860 626 944 inquiens
660 878 694 924 se
724 865 806 923 retro
837 858 908 922 uela
936 857 1011 922 dare
1039 861 1071 922 et
1100 875 1208 922 cursus
1242 857 1356 923 iterare
1387 857 1514 922 relictos

276 973 421 1032 coactum
444 983 520 1041 esse,
544 964 617 1046 quia
648 961 800 1028 nimirum
824 981 880 1044 per
898 957 1011 1024 ‘alium
1034 977 1156 1042 quoque
1178 957 1376 1043 scriptorem'
1402 961 1514 1026 confir·

277 1073 426 1148 moretur,
449 1069 625 1153 neglectam
648 1068 742 1131 antea
763 1063 974 1130 vetustissimi
988 1066 1178 1147 scripturam
1191 1083 1299 1130 veram
1316 1081 1382 1128 esse
1398 1065 1515 1130 baben·

278 1176 351 1240 dam
374 1176 406 1238 et
428 1173 611 1255 genuinam,
631 1169 663 1235 id
686 1169 768 1252 quod
791 1168 878 1251 prius
901 1169 941 1234 ad
955 1166 1010 1249 lap.
1026 1167 1042 1231 Ι
1058 1168 1088 1246 6,
1105 1167 1156 1232 62.
1181 1169 1269 1251 quasi
1284 1170 1317 1234 ia
1335 1171 1516 1234 transcursu

279 1295 403 1342 monere
418 1293 480 1340 non
496 1275 608 1341 inutile
624 1273 754 1338 duxerat
770 1309 812 1320 -
826 1271 874 1336 ita
888 1275 1005 1348 tamen,
1023 1272 1059 1336 ut
1082 1290 1117 1335 ex
1140 1271 1217 1353 ipsis
1240 1270 1289 1336 his
1312 1271 1417 1338 verbis
1437 1275 1531 1338 duce.

279 1399 377 1445 novae
405 1379 554 1445 lectiones
580 1377 684 1442 enasci
712 1375 905 1457 viderentur,
935 1393 978 1439 sc.
998 1370 1150 1458 ‘Agyieu’
1186 1377 1254 1458 (per
1280 1375 1409 1441 unicum
1431 1377 1457 1458 l)
1483 1379 1517 1441 et

261 1481 413 1568 ¹‘Agyeu’
441 1483 573 1563 (sinai).
603 1482 658 1546 sed
670 1481 755 1564 prior
771 1475 1026 1562 lectio‘ligyleu'
1053 1480 1099 1542 nil
1114 1477 1208 1544 habet
1224 1479 1411 1563 offensionis,
1435 1483 1517 1564 quod

280 1588 433 1670 Cruquius
457 1586 487 1650 ei
510 1587 598 1668 quasi
622 1586 825 1650 lemmatis
848 1585 974 1648 tantum
997 1583 1151 1650 adtribuit
1173 1585 1286 1663 lucum,
1310 1585 1440 1668 ideoque
1462 1606 1518 1669 per

280 1692 361 1756 illud
379 1687 532 1774 ‘Agyieu'
558 1708 620 1753 non
644 1688 736 1752 huius
759 1686 894 1752 nominis
917 1687 1175 1770 scripturam,
1199 1687 1255 1752 sad
1276 1706 1390 1753 nomen
1413 1691 1516 1773 ipsum

280 1796 416 1872 indicat;
430 1795 564 1859 alteram
578 1811 649 1857 vero
665 1790 831 1856 lectionem
841 1785 994 1874 ‘Agyieu'
1013 1810 1084 1854 eum
1101 1784 1364 1856 fraudulenter-in
1376 1787 1515 1876 ‘Agyav'

280 1905 418 1962 mutasse
442 1914 637 1979 nequaquam
660 1894 727 1958 ueri
750 1895 853 1958 simile
874 1895 931 1970 est,
955 1912 1026 1958 cum
1049 1895 1234 1976 praesertim
1249 1912 1339 1960 nemo
1354 1895 1518 1961 adfirmare

282 2002 368 2084 volit,
392 2001 563 2082 Cruquium
596 1999 782 2064 inmutanda
805 1999 856 2064 bic
878 1998 946 2064 illic
969 2017 1059 2063 suas
1081 1997 1227 2080 ipsius,
1251 2017 1329 2081 quas
1352 2000 1429 2064 olim
1452 2020 1518 2066 am·

280 2105 482 2187 plectebatur,
506 2103 658 2168 lectiones
682 2103 758 2168 alios
781 2103 925 2167 homines
946 2102 1058 2167 fallere
1075 2102 1220 2168 voluisse.
1244 2101 1320 2185 quid
1336 2107 1417 2185 quod
1432 2104 1519 2168 locus

281 2208 408 2291 insuper
421 2208 519 2272 extat
540 2207 613 2272 huic
635 2207 826 2280 simillimus
849 2203 904 2270 ubi
927 2224 1122 2288 nequaquam
1139 2207 1177 2270 de
1200 2207 1406 2272 vetustissimi
1429 2207 1518 2272 lecti·

283 2311 404 2391 onibus,
428 2312 482 2376 sed
504 2312 543 2376 de
558 2310 706 2375 Lambini
722 2309 858 2392 quadam
881 2311 1059 2375 coniectura
1074 2309 1207 2374 eundem
1227 2309 1261 2373 in
1278 2312 1405 2375 modum
1428 2329 1518 2393 pror·

282 2433 335 2480 sus
358 2415 499 2480 diversae
521 2415 697 2480 referuntur
720 2414 917 2497 scripturae?
939 2415 1092 2496 leguntur·
1111 2413 1427 2493 enimadSat.112,
1447 2416 1518 2480 123.

286 2519 346 2600 (ed.
373 2517 464 2584 1578.
488 2539 517 2601 p.
541 2519 629 2601 428.)
654 2519 730 2584 haec
752 2517 865 2582 verba:
884 2513 995 2598 ‘culpa
1016 2521 1129 2598 potore
1151 2517 1318 2600 magistro.
1342 2517 1449 2583 nullus
1472 2522 1520 2584 est

283 2642 320 2686 er
343 2621 468 2703 scriptis
490 2621 656 2704 codicibus,
679 2621 713 2686 in
735 2639 795 2704 quo
819 2639 881 2685 non
904 2621 1073 2686 offenditur·
1090 2621 1165 2686 haec
1185 2621 1288 2688 lectio.
1320 2639 1429 2686 verum
1447 2623 1520 2704 quia

282 2725 453 2791 Lambinus
485 2727 591 2790 censet
613 2724 780 2808 legendum
802 2724 900 2804 calpa
924 2726 985 2807 (ed.
1012 2723 1126 2790 lora:
1156 2740 1271 2805 cappa,
1294 2724 1342 2790 ad.
1369 2725 1461 2792 1578.
1485 2726 1521 2790 in

285 2829 433 2894 addendis
456 2833 488 2892 et
511 2830 716 2913 corrigendis:
740 2829 852 2912 cuper)
874 2833 941 2910 pol.
964 2849 1061 2913 mcc,
1085 2829 1216 2895 statui
1239 2830 1343 2914 apud
1366 2849 1424 2896 me
1445 2850 1521 2896 non

285 2931 345 2994 ita
375 2929 575 2994 discedere
607 2931 652 2994 ab
686 2930 843 2996 usitata
876 2931 1068 3010 lectione,
1101 2934 1144 2996 ut
1171 2932 1214 2996 in
1238 2933 1341 2998 vitio
1363 2952 1519 3018 ponam,

284 3037 352 3097 aut
385 3050 466 3096 eam
499 3033 558 3098 sic
591 3033 748 3118 efferre,
787 3037 828 3098 ut
864 3033 1047 3099 Lambini
1081 3037 1254 3100 conatus
1291 3038 1519 3121 improbem,

284 3135 352 3217 qui
390 3137 486 3199 mihi
523 3154 596 3200 non
634 3155 769 3218 parum
806 3137 938 3202 laudis
975 3137 1123 3202 mereri
1161 3139 1367 3206 uidenturr
1414 3146 1522 3208 certe

272 3244 400 3322 'ponas
438 3241 633 3305 eruditum
671 3241 866 3306 lectorem
903 3243 1003 3321 esto,
1042 3245 1188 3307 utram·
1213 3243 1314 3310 uelit
1358 3241 1519 3312 notare?

286 3361 360 3407 num
391 3343 489 3424 igitur
518 3346 585 3425 quis
615 3346 722 3410 credat
743 3342 918 3426 Cruquium
940 3345 1129 3411 Lambinum
1157 3365 1279 3430 quoque
1306 3347 1523 3414 fraudulenter

285 3447 489 3530 interpolasse
512 3448 562 3512 vel
593 3447 718 3512 omnino
746 3447 905 3512 hominem
932 3449 1089 3532 quendam
1111 3452 1178 3515 tam
1201 3452 1313 3516 obtusa
1336 3450 1434 3516 animi
1456 3452 1523 3516 acie

284 3552 443 3618 fallaciam
466 3551 581 3616 alicubi
603 3552 798 3616 intendisse?

388 3656 455 3720 Iam
479 3673 551 3721 vero
574 3656 739 3720 nonnullos
762 3655 918 3738 proferam
932 3655 1027 3736 locos,
1050 3657 1105 3724 ubi
1119 3657 1186 3740 ipse
1202 3657 1366 3743 Oruquius
1390 3659 1422 3724 id
1439 3660 1520 3742 quod

285 3779 382 3842 supra
410 3759 484 3838 dixi,
512 3759 762 3823 ratiocinationes
792 3759 943 3840 quasdam
965 3758 998 3823 in
1023 3759 1118 3824 aliam
1141 3761 1309 3827 editionem
1332 3763 1461 3846 recepit,
1485 3763 1519 3827 in

287 3864 349 3929 alia
371 3881 422 3928 eas
446 3866 500 3927 aut
522 3862 694 3926 inmutavit
716 3858 772 3927 aut
794 3881 919 3945 prorsus
942 3863 1067 3929 delevit.
1110 3865 1163 3946 qui
1186 3863 1314 3946 quidem
1336 3864 1406 3942 loci,
1431 3884 1524 3930 sane·

286 3985 380 4049 quam
403 3984 464 4030 nou
487 3966 615 4030 inutiles
639 3966 678 4030 ad
695 3963 824 4047 Oruquii
846 3966 983 4032 rationes
1005 3971 1089 4032 recte
1112 3967 1331 4050 aestimandas,
1355 3967 1394 4032 ab
1420 3970 1521 4036 omni·

287 4071 355 4147 bus,
385 4071 446 4134 nisi
476 4069 579 4148 fallor,
613 4069 666 4151 qui
695 4087 791 4150 usque
816 4071 855 4135 ad
878 4071 935 4134 hcc
964 4073 1089 4154 tempus
1112 4069 1242 4153 Oraquii
1272 4072 1444 4137 extiterunt
1467 4075 1523 4138 aut

288 4173 462 4239 defensores
493 4176 548 4238 aut
580 4175 814 4256 inpugnatores,
847 4175 930 4238 male
958 4174 1095 4258 neglecti
1124 4175 1208 4240 sunt.
1250 4195 1314 4242 non
1343 4175 1521 4241 accuratius

286 4282 392 4342 autem
415 4280 451 4342 de
474 4277 605 4361 singulis
629 4278 705 4343 locis
721 4296 881 4360 exponam,
906 4280 960 4343 sed
975 4279 1139 4360 plerosque
1155 4277 1358 4362 adscripsisse
1374 4279 1523 4356 sufficiet,

287 4401 359 4446 cum
382 4381 414 4445 in
438 4381 483 4446 eis
506 4400 553 4446 res
576 4401 630 4464 per
653 4401 686 4446 re
708 4381 772 4444 iam
795 4380 888 4446 facila
911 4380 1012 4464 possit
1035 4382 1186 4466 intellegi.
1221 4387 1294 4448 sunt
1317 4399 1388 4447 vero
1413 4381 1463 4448 hi:
