3404 5212
669 345 881 410 „19-

154 530 294 596 modum,
313 531 482 596 confecerit
511 549 616 610 necne,
646 531 758 596 deinde
792 549 838 610 ea,
872 549 951 614 quac
984 530 1048 596 iam
1082 531 1242 612 Matthias,
1276 535 1389 600 Hoobn

150 632 268 716 aliique
297 637 334 699 de
356 633 534 716 Oruquiana
555 633 721 713 referendi,
756 633 911 717 loquendi,
935 634 1113 700 conferendi
1135 637 1257 702 ratione
1279 641 1389 719 protu-

151 737 268 812 lerunt,
292 737 344 802 bic
365 738 432 802 illic
455 740 611 822 corrigere
632 738 684 803 uel
707 739 804 802 etiam
825 755 939 819 augere
962 737 996 802 iu
1019 739 1123 804 animo
1146 741 1203 804 est.

255 839 324 920 Qua
351 841 384 905 in
413 860 445 904 re
473 859 585 922 quaeso
614 842 753 924 primum
781 841 978 922 singularum
1006 840 1179 906 editionum
1205 843 1316 908 titulos
1339 845 1390 908 in-

153 941 276 1022 spicias.
302 943 397 1008 editio
421 943 530 1024 igitur,
554 962 633 1026 quae
652 963 679 1008 a.
698 943 792 1008 1565.
815 945 848 1008 in
864 945 965 1008 lucem
982 943 1109 1026 prodiit,
1132 946 1176 1010 sic
1191 945 1391 1014 inscribitur:

146 1040 198 1124 Ὦ.
228 1046 305 1110 Hor.
336 1047 384 1112 Fi.
415 1046 592 1112 Carminium
628 1047 709 1114 iiber
731 1047 789 1110 IV.
820 1065 862 1110 ex
897 1046 1112 1132 antiquiss.
1147 1047 1237 1114 Mas.
1272 1047 1391 1118 Codd.

151 1164 225 1212 cum
259 1150 491 1216 commentariis
520 1150 638 1215 aaroni
673 1156 705 1214 et
734 1150 939 1233 Porphyrioni
972 1151 1138 1235 adscriptis
1174 1149 1257 1217 cett'
1298 1172 1392 1236 quam

149 1251 275 1332 quidem
303 1252 474 1318 editionem
501 1255 546 1318 ita
575 1253 709 1318 confecit
732 1253 896 1336 Crrrquius,
927 1256 962 1318 ut
984 1255 1058 1320 solis
1084 1255 1261 1322 Blandiniis
1283 1275 1385 1340 neque

150 1355 219 1420 aliis
237 1357 393 1423 codicibus
408 1358 442 1422 iu
459 1355 656 1422 Carminibus
673 1357 867 1422 recensendis
889 1359 1080 1423 inniteretur
1092 1356 1149 1440 ¹⁴).
1180 1359 1287 1442 paullo
1309 1365 1390 1442 post,

150 1477 179 1523 a.
205 1457 309 1540 1567,
344 1479 415 1525 cum
439 1460 566 1542 llpodon
601 1460 719 1524 librum
753 1461 785 1524 in
820 1460 922 1524 lucem
957 1449 1072 1540 emisit,
1107 1462 1170 1527 iarn
1205 1463 1279 1527 huic
1301 1463 1393 1528 alteri

151 1563 285 1627 editioni
314 1563 450 1630 alterum
479 1581 600 1646 quoque
626 1563 831 1645 praescripsit
852 1561 1070 1643 titulume‘Q.
1093 1565 1168 1630 Hor.
1193 1566 1240 1630 Fl.
1264 1566 1392 1650 Epodon

152 1667 241 1743 liber,
272 1685 308 1730 ex
332 1666 566 1748 antiquissimis·
585 1670 735 1749 septem
759 1667 918 1734 codicibus
943 1669 1177 1752 manuscriptis,
1210 1690 1282 1736 cum
1305 1689 1391 1736 com·

152 1769 316 1834 menteriis
348 1769 485 1852 antiquis
515 1773 697 1836 emendatus
727 1767 809 1836 cett'
851 1772 984 1854 denique
1008 1789 1035 1835 a.
1072 1771 1165 1838 1573.
1206 1773 1392 1840 Saturarum

152 1871 248 1937 editio
270 1873 352 1938 foras
376 1874 450 1938 data
472 1877 520 1938 est
541 1873 601 1938 hoc
623 1873 718 1939 titulo
742 1879 869 1940 ornata:
889 1872 939 1952 ‘tt
965 1875 1041 1940 Hor.
1058 1875 1105 1940 pl,
1122 1875 1313 1957 satyrarum,
1337 1897 1392 1944 scu

152 1977 258 2059 potius
275 1976 474 2060 llclogarum,
498 1977 573 2042 libri
589 1978 632 2044 ΙΙ.
656 1977 701 2042 lix
717 1979 881 2060 antiquiss.
907 1978 1089 2044 undecim
1113 1979 1200 2045 codd.
1217 1998 1290 2047 mss.
1307 1979 1389 2047 cett?

151 2081 284 2144 eundem
313 2082 347 2146 in
369 2082 496 2148 modum
519 2083 553 2146 in
581 2083 656 2160 illis,
686 2101 764 2165 quae
786 2087 911 2148 secutae
934 2088 1019 2158 sunt,
1044 2082 1233 2150 editionibus
1255 2085 1391 2169 integris

151 2185 297 2250 curandis
320 2184 464 2250 undecim
488 2185 608 2250 codices
631 2187 801 2268 inspexisse
824 2186 903 2252 satis
927 2185 1062 2251 babebat
1086 2184 1250 2268 Cruquius.
1275 2189 1392 2271 quain

151 2307 184 2351 re
202 2291 308 2353 tamen
323 2287 555 2354 obseruandum
573 2291 623 2354 est
638 2309 710 2354 eum
732 2289 765 2354 in
788 2289 965 2372 integris
989 2289 1179 2357 editionibus
1196 2297 1391 2358 commenta·

151 2391 213 2454 rios
243 2409 325 2470 suos,
355 2391 394 2456 ad
423 2397 572 2474 quartum
601 2390 784 2458 (torminum
814 2392 932 2456 librum
962 2395 994 2458 et
1017 2391 1148 2476 llpodon
1170 2394 1291 2460 librum
1313 2397 1392 2462 olim

150 2497 353 2576 conscriptos,
385 2514 447 2559 non
476 2499 524 2560 ita
551 2498 748 2575 retractasse,
777 2500 813 2560 ut
843 2495 899 2560 hos
930 2495 1006 2560 duos
1036 2497 1132 2562 libros
1155 2497 1264 2562 eodem
1287 2498 1389 2578 modo,

148 2617 209 2680 quo
228 2601 355 2674 ceteros,
379 2618 414 2662 er
436 2599 582 2664 undecim
597 2599 698 2664 denuo
713 2599 871 2664 codicibus
890 2595 1121 2683 ‘repurgaret’3
1144 2601 1243 2666 immo
1259 2603 1391 2684 repetiit

151 2721 202 2766 eos
237 2703 294 2778 ita,
328 2707 365 2766 ut
397 2702 506 2783 paucis
539 2703 616 2767 locis
647 2703 696 2770 vel
725 2703 902 2768 accuratius
932 2704 1084 2785 quaedam
1107 2705 1316 2786 explicaturus
1339 2706 1391 2770 vel

149 2807 332 2871 defensurus
356 2805 530 2871 sententias
553 2825 624 2871 suas
651 2807 815 2872 ueletiam
836 2807 1069 2890 inpugnaturus
1085 2809 1283 2873 aduersarios
1300 2826 1386 2874 more

150 2929 207 2975 suo
236 2911 332 2975 verba
360 2912 511 2991 quaedam
545 2910 673 2974 adderet
705 2915 760 2974 aut
789 2911 971 2988 inmutaret,
1000 2929 1100 2974 unum
1134 2914 1259 2978 tantum
1282 2913 1390 2977 locum

152 3013 198 3095 (O.
222 3013 288 3078 IIII
317 3017 347 3091 6,
382 3014 440 3079 28:
475 3012 577 3078 lectus
610 3013 747 3096 Appiae)
785 3013 876 3095 plane
908 3013 1074 3098 refingeret
1111 3033 1243 3096 eumque
1278 3016 1390 3080 ceteris

151 3135 281 3200 quoque,
304 3123 340 3181 ιιι
363 3118 497 3194 videtur,
533 3116 691 3184 codicibus
726 3117 875 3200 inspectis
910 3117 1011 3183 denuo
1045 3121 1270 3200 pertractaret:
1300 3117 1392 3186 ‘olim

151 3239 222 3285 cum
245 3219 322 3284 viris
345 3218 535 3284 doctissimis
558 3221 676 3302 scripsi,
700 3220 848 3304 Agyieus,
873 3227 982 3286 contra
1005 3239 1192 3286 consensum
1214 3224 1387 3288 omnium

148 3325 337 3406 scriptorum
354 3319 514 3388 codicum?
539 3327 624 3388 certe
639 3343 793 3422 qusquam
816 3323 893 3390 alibi
915 3324 949 3388 in
972 3325 1029 3390 boc
1052 3324 1135 3390 libro
1151 3325 1189 3390 de
1205 3323 1384 3394 ‘omnibus'

149 3428 246 3493 refert
274 3428 431 3492 codicibus
455 3428 506 3492 vel
529 3427 607 3492 alios
630 3431 854 3494 commemorat
888 3428 1007 3494 codices
1039 3428 1100 3492 nisi
1124 3428 1314 3505 Blandinios,
1338 3429 1386 3496 ita

149 3535 186 3596 ιιι
219 3531 311 3615 plane
343 3531 548 3598 manifestum
581 3531 624 3594 sit
654 3551 725 3596 eum
759 3532 793 3596 in
827 3532 954 3615 integra
982 3531 1118 3597 editione
1149 3531 1390 3598 commentarios

150 3638 225 3700 istos
248 3635 315 3700 fere
338 3654 400 3700 nou
422 3637 562 3700 mutatos
585 3637 768 3716 repetendos
793 3652 925 3700 curasse.
958 3639 1052 3716 atque
1075 3635 1149 3699 binc
1166 3635 1391 3718 gravissimum

150 3739 305 3817 Mewesii,
329 3739 467 3804 Hoebnii
496 3738 691 3820 aliorumque
713 3757 848 3803 errorem
872 3740 1026 3821 corrigere
1048 3755 1182 3822 possum.
1210 3739 1391 3804 cumcuim

149 3845 184 3908 in
213 3845 324 3925 quarto
348 3841 531 3909 Garminum
560 3843 641 3908 libro
671 3861 794 3924 semper
824 3845 889 3908 tres
919 3843 1046 3906 tautum
1080 3840 1201 3906 codices
1228 3841 1392 3907 Blandinii

150 3948 353 4012 nominentur
381 3965 480 4029 neque
509 3964 579 4012 raro
616 3945 828 4028 antiquissimi
861 3945 1061 4027 potissimum
1098 3943 1247 4009 lectiones
1277 3963 1389 4028 propo·

149 4057 276 4128 uantur,
306 4051 356 4116 illi
384 4052 448 4115 iam
476 4053 510 4117 in
532 4050 614 4115 hanc
636 4049 812 4132 opinionem
835 4050 963 4115 adducti
985 4051 1068 4133 sunt,
1097 4053 1134 4112 ut
1157 4049 1333 4114 statuerent
1355 4049 1390 4114 in

149 4174 211 4221 uno
246 4175 283 4221 er
316 4154 493 4220 Blandiniis
530 4164 605 4236 (non
639 4157 748 4220 tamen
780 4153 814 4218 in
847 4153 1077 4235 antiquissimo)
1114 4153 1259 4218 lacunam
1289 4151 1389 4216 fuisse

149 4258 282 4340 ideoque
316 4259 350 4320 in
379 4257 439 4322 boc
471 4259 560 4339 libro,
596 4275 807 4338 quascumque
838 4255 987 4320 lectiones
1015 4255 1047 4318 in
1078 4253 1182 4318 tribus
1212 4253 1389 4320 Blandiniis

149 4363 293 4426 inventas
318 4379 385 4425 esse
410 4358 565 4442 Oruquius
589 4359 799 4438 dictitaverat,
824 4357 970 4424 codiciV
993 4358 1202 4440 adsignandas
1226 4375 1303 4422 esse.
1336 4355 1391 4440 qui

152 4511 182 4518 μ,-
189 4510 356 4518 ,.--.,-..-.ι

253 4586 285 4655 ¹⁴)
304 4583 337 4638 cl.
356 4583 682 4654 congenerantur).
701 4587 761 4639 326.
