3404 5212
803 391 1015 456 „60-

301 575 423 630 auditor.
443 575 615 630 ood.'.Bland.
635 575 686 628 duo
705 575 813 642 habent,
833 576 948 643 auditor,
971 579 1048 643 alias,
1072 577 1190 633 adiutor.
1209 577 1254 632 sed
1271 596 1362 634 omnes
1386 579 1420 633 ad
1446 595 1528 633 unum

289 661 384 729 scripti
401 661 454 716 mei
471 661 573 716 habent
591 661 735 727 ultor‚,sed
753 662 940 716 onmdiversa
964 664 1136 732 expositione.
1162 665 1303 734 antiquiss.
1322 665 1420 720 Bland.
1444 664 1529 718 habet

288 748 370 812 ultor,
388 746 417 800 id
435 750 484 811 est,
503 748 639 811 laudater;
658 748 728 801 alius
747 749 829 813 ultor,
854 765 912 817 sup.
931 749 1103 804 iniuriarum.
1121 749 1152 803 τὸ
1171 754 1245 805 aotor
1268 754 1359 805 antem
1382 788 1477 805 ......
1499 752 1529 804 in

289 833 397 902 seriptis
410 849 463 887 non
475 827 590 888 inueni’.
603 863 635 874 -
648 835 746 906 Epist.
765 837 797 892 11
810 834 833 898 1,
847 835 888 889 ld.
906 830 966 903 ‘per
977 851 1078 890 nomeu
1088 853 1154 906 poa.
1168 837 1265 892 Bland.
1281 837 1419 893 vetustiss.
1437 838 1528 900 habet,

289 935 388 974 numen
411 915 514 973 ......³
534 949 568 961 -
594 922 615 987 Ι,
634 921 676 976 28.
702 915 737 974 ‘ai
763 922 829 990 quia
862 921 1029 976 &aevorum
1169 923 1266 977 Bland.
1297 924 1353 978 eod.
1383 924 1528 992 antiquiss.

290 1005 382 1070 habet,
402 1001 559 1062 (lraiorum.³
580 1038 613 1048 -
634 1008 656 1073 1,
669 1008 711 1061 35.
728 1003 860 1076 ‘pretium
878 1008 965 1063 chart.
984 1009 1039 1062 eod.
1060 1008 1156 1063 Bland.
1175 1011 1301 1078 antiqui
1320 1011 1398 1064 Tons.
1418 1010 1530 1073 habent,

290 1092 391 1146 ohartis
409 1093 527 1162 pretium
545 1094 605 1162 idq;
635 1094 745 1148 mollins
766 1111 825 1148 meo
844 1089 961 1148 iudicio.³
983 1125 1010 1134 —
1035 1096 1058 1159 l,
1077 1095 1119 1150 12.
1137 1090 1268 1165 ‘respuat
1286 1097 1325 1150 εἰσ
1343 1096 1439 1153 Bland.
1457 1098 1531 1150 unti-

290 1179 373 1246 quiss.
392 1179 439 1232 Sil.
458 1183 485 1232 et
504 1179 585 1233 Mart.
608 1217 703 1233 ......
726 1181 832 1248 reliqui,
852 1181 968 1248 respuit;
987 1181 1094 1250 vulgati
1113 1182 1225 1245 habent,
1248 1177 1371 1252 respuet.³
1392 1213 1424 1224 -
1446 1183 1469 1250 1,
1486 1183 1530 1236 dt.

288 1260 441 1334 ‘delendam
461 1267 515 1320 eod.
527 1269 615 1323 frons.
634 1268 740 1335 Diuum,
756 1266 802 1320 Sil.
817 1267 914 1320 Bland.
926 1268 1067 1336 antiquiss.
1087 1269 1191 1337 legunt,
1210 1262 1369 1323 delendane.³
1386 1299 1414 1308 -
1434 1268 1530 1329 1137.

290 1348 332 1404 ‘iu
343 1354 460 1420 seriptis.
475 1354 513 1406 εἰσ
522 1353 618 1420 legunt
631 1353 686 1406 eod.
701 1354 761 1406 Diu.
778 1352 826 1406 Sil.
839 1353 919 1407 Mart.
935 1359 962 1406 et
976 1353 1071 1407 Bland.
1084 1355 1228 1423 antiquiss.
1242 1354 1286 1408 sed
1300 1355 1344 1408 hie
1357 1354 1439 1408 habet
1449 1353 1536 1420 supra

290 1439 429 1506 seriptum,
448 1439 579 1503 inscitiae,
598 1438 728 1508 quomodo
746 1455 852 1508 quoque
871 1441 949 1494 Tons.
968 1441 1037 1510 legit
1055 1479 1148 1494 ......
1166 1443 1214 1494 alii
1232 1444 1288 1496 tres
1308 1441 1404 1496 Bland.
1419 1441 1530 1504 habent,

289 1526 386 1578 inseite
409 1519 512 1578 ......³
535 1555 566 1565 -
587 1527 608 1588 1,
635 1526 691 1582 188.
710 1522 786 1594 ‘quaa
804 1544 848 1580 res
866 1527 986 1580 arcessit.
1013 1527 1052 1580 εἰσ
1075 1526 1176 1580 habent
1201 1530 1257 1581 tres
1276 1527 1334 1584 eod.
1353 1527 1449 1581 Bland.
1469 1543 1530 1580 eum

291 1611 370 1664 Tons.
396 1611 441 1665 sed
465 1611 671 1680 antiquissimus
689 1613 788 1666 Bland.
816 1612 907 1678 babet,
932 1613 1052 1676 accessit,
1071 1629 1131 1666 eum
1154 1613 1236 1666 Mart.
1264 1614 1327 1667 Diu.
1352 1614 1400 1666 Sil.
1423 1607 1528 1665 ......'

291 1726 324 1736 -—
346 1697 368 1762 1,
390 1696 447 1752 183.
465 1692 582 1768 ‘paudet
607 1699 646 1752 εἰσ
664 1699 745 1752 habet
763 1699 818 1752 eod.
838 1699 935 1752 bland.
954 1699 1096 1766 antiquiss.
1191 1735 1215 1750 ..
1242 1703 1298 1752 tres
1316 1699 1414 1769 reliqui
1434 1699 1529 1752 Bland.

290 1783 399 1848 habent,
417 1783 543 1852 plaudet;
560 1787 656 1838 uniens
679 1787 769 1838 autern
789 1784 869 1840 Tons.
893 1785 983 1850 habet,
1007 1785 1116 1853 plaudit
1139 1780 1245 1838 ......³
1266 1816 1297 1826 -
1318 1787 1340 1850 l,
1362 1786 1419 1840 128.
1442 1781 1530 1853 ‘prue-

292 1871 399 1924 orarem
416 1872 504 1924 mineo.
523 1871 586 1924 Diu.
605 1871 684 1924 Tons.
702 1871 784 1926 Mart.
803 1871 852 1926 Sil.
876 1870 937 1924 eod.
956 1869 1064 1934 habent,
1084 1871 1197 1924 mimum
1343 1871 1439 1924 Bland.
1458 1872 1531 1924 anti-

291 1957 373 2025 quiss.
392 1958 468 2025 legit,
493 1957 577 2010 nimio
602 1951 705 2010 ...3
727 1987 758 1996 -
781 1958 803 2023 1,
821 1958 880 2012 217.
899 1951 1040 2025 ‘Variasq
1069 1958 1166 2012 Bland.
1194 1958 1337 2027 antiquiss.
1365 1975 1425 2012 oum
1449 1955 1541 2013 Mart.

290 2043 366 2097 Busl.
386 2044 464 2097 'l'ons
484 2045 546 2097 Diu.
565 2044 612 2099 sil.
632 2044 741 2107 habent,
763 2044 900 2113 Varnsque
923 2082 947 2096 ..
960 2086 964 2096 .
977 2040 1029 2096 ...³
1050 2075 1082 2084 -
1106 2045 1127 2110 1,
1146 2043 1206 2099 232.
1228 2041 1319 2098 ‘discit
1337 2045 1408 2099 enim
1431 2082 1527 2098 ......

291 2130 431 2199 antiquiss.
456 2131 553 2184 Bland.
578 2131 654 2198 legit,
679 2129 765 2184 diseat
793 2126 878 2186 enim.³
903 2161 934 2176 .-
954 2132 980 2193 2,
1005 2131 1029 2186 8.
1053 2126 1221 2186 ‘iora'totera's-
1245 2133 1283 2185 εἰσ
1311 2133 1413 2185 habent
1439 2147 1531 2186 omnes

292 2217 388 2270 Bland.
407 2217 482 2269 Busl.
501 2218 594 2270 Diuae.
615 2217 663 2271 Sil.
687 2212 791 2270 ......³
813 2247 845 2258 -
863 2218 888 2282 2,
910 2217 949 2270 11.
966 2212 1131 2274 ‘extradere
1150 2219 1273 2274 4Bland.
1288 2219 1366 2272 Tons.
1386 2217 1467 2271 Mart.
1482 2219 1531 2270 Sil.

292 2303 401 2367 habent,
421 2304 564 2358 excludere.
588 2298 693 2357 ......’
709 2333 739 2342 -
759 2304 784 2366 2,
800 2303 839 2357 lo.
857 2299 965 2358 ‘laedat
985 2305 1042 2358 eod.
1056 2305 1149 2364 Bland.
1163 2307 1308 2374 antiquiss.
1326 2307 1416 2371 babet,
1430 2301 1528 2360 laedit.³

293 2421 323 2429 -
344 2391 369 2451 2
388 2391 431 2444 22.
449 2385 580 2459 ‘epulata
605 2391 746 2460 antiquiss.
772 2391 867 2443 Bland.
891 2391 981 2454 habet,
1007 2392 1129 2460 epistula.
1159 2395 1272 2448 ueniret.
1300 2385 1531 2450 4Bland.'Tons.

291 2477 373 2530 Mart.
386 2477 495 2542 habent,
508 2478 606 2531 rediret
624 2515 734 2530 .......
735 2472 744 2496 ³
758 2507 792 2518 -
804 2477 829 2544 2,
843 2478 884 2532 32.
897 2472 1033 2530 ‘honestis
1046 2477 1144 2530 Bland.
1158 2477 1301 2545 antiquiss.
1314 2477 1404 2544 habet,
1416 2472 1529 2546 opimis.³

293 2595 326 2607 -
344 2564 368 2630 2,
388 2565 431 2618 33.
447 2558 581 2617 ‘meatem
600 2563 697 2618 Bland.
718 2565 861 2632 antiquiss.
881 2562 970 2627 habet,
989 2563 1102 2614 menteis
1120 2556 1223 2614 ......³
1238 2592 1272 2602 —
1285 2562 1310 2630 2,
1323 2563 1365 2617 811.
1383 2557 1531 2616 ‘contacta

293 2651 331 2702 sic
349 2650 448 2702 habent
466 2654 520 2702 tres
540 2649 636 2703 Bland.
655 2648 749 2703 Dinae.
769 2649 848 2702 Tons.
868 2648 948 2701 Mart.
968 2648 1041 2700 Busl.
1062 2647 1110 2700 Sil.
1129 2665 1196 2716 quos
1215 2651 1322 2702 secutus
1345 2665 1414 2702 sum.
1433 2649 1531 2702 Bland.

293 2737 436 2805 antiquiss.
456 2737 524 2805 legit
542 2740 653 2790 cantata
673 2773 766 2788 ......
789 2735 878 2789 Nann.
897 2735 976 2788 oodex
994 2733 1086 2796 habet,
1105 2737 1231 2788 cunctata
1248 2729 1352 2788 .....³
1374 2765 1404 2776 -
1423 2735 1450 2799 2,
1471 2735 1531 2790 123.

292 2817 401 2877 ‘uirtute
419 2824 553 2876 carentia.
573 2829 590 2876 4
608 2822 704 2876 Bland.
725 2821 827 2875 habent
845 2823 966 2875 uolentia
1072 2815 1089 2872 .’
1103 2850 1137 2860 -
1150 2821 1174 2884 2,
1190 2821 1247 2875 158.
1265 2817 1409 2875 ‘mercatae
1428 2827 1455 2875 et
1466 2837 1530 2875 aere

294 2917 339 2964 est.
360 2910 398 2963 εἰσ
415 2909 470 2964 ood.
491 2910 632 2978 antiquiss.
653 2909 749 2963 Bland.
769 2909 817 2962 alii
836 2912 899 2972 tres,
918 2905 1046 2976 quioquid
1065 2907 1134 2960 libra
1146 2923 1297 2960 mereamur
1309 2909 1337 2959 et
1346 2923 1407 2960 aere
1425 2944 1518 2959 ......
1522 2900 1530 2925 ³

293 3026 327 3038 -
346 2997 371 3058 2,
389 2995 444 3050 lot.
457 2992 590 3049 ‘daturus
603 2996 641 3048 εἰσ
654 2995 755 3048 habent
768 3000 784 3046 4
797 2988 985 3048 Bland'Tons.
1000 2992 1048 3046 Sil.
1068 3033 1073 3044 .
1166 2986 1174 3011 ³
1188 3021 1220 3032 -
1233 2993 1259 3056 2,
1275 2992 1323 3046 ist
1335 2988 1355 3045 ‘.
1367 3031 1374 3046 .
1385 3033 1390 3044 .
1401 3030 1408 3044 .
1419 3031 1443 3046 ..
1460 2995 1532 3046 anti·

296 3084 440 3151 quissimus
458 3086 548 3135 autem
567 3086 643 3134 totus
662 3081 696 3134 ad
713 3082 793 3134 tinem
813 3075 1052 3148 huius'epistolae‚
1065 3079 1167 3146 partim
1179 3079 1354 3132 oblitteratas
1366 3081 1415 3143 est,
1429 3080 1531 3146 partim

292 3163 376 3222 lacer.³
396 3199 429 3208 —
448 3168 472 3231 3,
492 3167 533 3220 53.
551 3162 671 3220 ‘Graeco
688 3168 766 3232 forato
785 3166 892 3220 certent.
917 3203 1011 3219 ......
1035 3165 1133 3220 Omnes
1151 3165 1246 3219 Bland.
1265 3182 1326 3219 oum
1344 3166 1419 3220 Busl.
1438 3169 1465 3218 et
1483 3165 1532 3220 Sil.

293 3255 402 3320 babent,
431 3253 532 3319 eadent,
561 3255 607 3307 sed
625 3254 704 3307 Tons.
732 3257 760 3306 et
787 3253 870 3306 Mart.
898 3252 1006 3306 eadunt.
1023 3253 1096 3306 .Diu.
1123 3246 1240 3305 eadunt.³
1260 3281 1295 3298 »-
1312 3252 1336 3316 3,
1355 3251 1398 3306 22.
1423 3246 1533 3305 ‘sortita

294 3343 429 3397 decenter.
447 3341 544 3396 Bland.
564 3342 708 3409 antiquiss.
727 3357 787 3394 enm
807 3341 861 3394 alio
880 3339 971 3403 habet,
992 3333 1144 3392 decentem.³
1159 3368 1194 3382 —
1212 3339 1236 3403 3,
1258 3338 1314 3392 154.
1332 3333 1367 3392 ‘aa'
1380 3339 1532 3406 plausoris.

293 3431 389 3484 Bland.
408 3432 509 3484 vetust.
532 3428 621 3495 habet,
647 3421 777 3497 plosoris.³
803 3457 836 3466 -
855 3427 879 3491 3,
901 3425 958 3480 lui.
978 3420 1133 3479 farabertus
1151 3427 1271 3480 iuuenis.
1300 3426 1339 3477 εἰσ
1366 3423 1447 3476 habet
1476 3425 1531 3478 eod.

293 3516 390 3570 Bland.
417 3516 502 3584 antiq.
532 3508 653 3580 ......³;
679 3515 708 3568 in
736 3516 882 3567 contextus
903 3506 1043 3565 ‘imberbis
1070 3506 1194 3566 iuuenis.³
1224 3543 1255 3552 -
1284 3512 1308 3577 3,
1333 3511 1392 3566 aba.
1419 3506 1533 3565 ‘uineta

294 3604 401 3656 variant
419 3602 463 3654 hio
482 3603 536 3654 eod.
549 3601 659 3669 scripti.
678 3601 731 3653 duo
750 3598 846 3652 Bland.
864 3596 966 3652 habent
989 3615 1049 3652 eum
1068 3597 1132 3653 Diu.
1157 3601 1185 3651 et
1208 3597 1288 3652 Tons.
1312 3598 1411 3650 iuncta.
1435 3595 1531 3650 Bland.

293 3689 378 3756 antiq.
398 3703 457 3741 eum
475 3687 536 3740 aliis
555 3687 678 3740 omnibus
697 3687 799 3754 legunt,
819 3685 910 3738 vineta
933 3679 1037 3738 ...³
1060 3715 1089 3727 -
1110 3684 1136 3752 3,
1149 3685 1208 3739 237.
1227 3679 1376 3738 ‘Dauoaue
1389 3683 1494 3750 loquat.
1506 3688 1533 3736 et

293 3776 390 3829 oudam
408 3775 459 3844 Py.
484 3777 523 3826 εἰσ
541 3774 642 3841 legitur
666 3775 694 3826 in
719 3773 776 3826 eod.
801 3771 897 3824 Bland.
912 3773 1012 3840 antiq.
1040 3774 1067 3824 et
1095 3771 1187 3834 altero,
1215 3769 1263 3822 ubi
1290 3769 1433 3822 manifeste
1452 3766 1484 3820 τὸ
1505 3772 1532 3821 et

197 3911 199 3916 .
293 3877 398 3914 erasum
416 3865 457 3914 est
476 3875 609 3928 supraque
627 3863 753 3926 positum,
773 3852 822 3911 an.³
844 3889 877 3897 -
896 3859 919 3922 3,
939 3859 998 3913 221.
1016 3853 1205 3926 ‘praesectum
1230 3856 1269 3909 sie
1283 3856 1383 3923 legunt
1401 3855 1454 3907 dno
1473 3853 1531 3910 eod.

292 3946 388 4000 Bland.
407 3963 475 4000 unus
495 3963 553 3999 cum
573 3941 679 4014 antiq.³;
699 3947 727 3998 in
746 3948 885 4000 contextu:
903 3937 1076 4013 ‘perieetnm³.
1090 3973 1123 3984 -
1135 3943 1160 4008 3,
1173 3942 1233 3998 tio.
1251 3937 1383 4010 ‘speciosa
1400 3941 1473 3994 ῑσσίε.
1493 3942 1532 3994 εἰσ

292 4040 309 4086 4
328 4032 423 4086 Bland.
443 4033 488 4084 sed
508 4031 611 4086 Buslid.
631 4033 748 4100 speeiosa
766 4032 831 4085 ioois
849 4034 1051 4098 memorataqne
1065 4027 1148 4083 reete.
1173 4027 1283 4098 reliqui.
1305 4028 1422 4095 speeiosa
1449 4019 1530 4079 ioois.’

293 4149 325 4160 -
344 4122 368 4184 3,
388 4119 446 4173 328.
464 4115 514 4172 ‘era
535 4119 572 4172 sic
590 4119 665 4172 Busl.
684 4122 710 4172 et
729 4119 824 4173 Bland.
843 4125 866 4184 4,
887 4134 940 4172 non
959 4118 1020 4171 hem
1044 4117 1087 4169 vel
1107 4116 1184 4170 heus.
1213 4145 1245 4155 -
1265 4115 1289 4178 3,
1307 4113 1367 4168 330.
1390 4108 1440 4166 ‘aa
1463 4114 1529 4167 bueo

293 4207 399 4276 aeruqo.
420 4207 458 4259 εἰσ
476 4207 573 4259 Bland.
603 4209 697 4260 vetust.
726 4223 786 4259 eum
815 4205 918 4258 duobus
943 4203 1013 4267 aliis,
1037 4204 1064 4256 in
1090 4202 1164 4271 quib.
1192 4219 1210 4255 n
1238 4202 1332 4254 littera
1355 4215 1437 4262 erasa,
1464 4202 1493 4252 et
1519 4202 1533 4251 t

293 4287 402 4362 posita3³
421 4293 448 4346 in
468 4297 605 4346 contextu:
623 4287 667 4346 ‘ad
686 4294 751 4346 liaeo
769 4286 882 4360 aerugo.³
904 4320 935 4330 -
954 4289 978 4353 3,
997 4290 1057 4343 sis.
1076 4283 1258 4342 ‘liberaberis
1277 4287 1316 4338 εἰσ
1334 4292 1351 4336 4
1369 4277 1465 4339 Bland.
1485 4300 1532 4351 per

294 4397 425 4449 syncopen
437 4397 493 4449 pro
512 4374 609 4432 Sosiis.³
630 4411 663 4419 -
682 4379 706 4442 3,
726 4377 784 4434 371.
802 4374 861 4431 ‘uec
878 4380 935 4433 soit.
954 4378 992 4430 εἰσ
1007 4376 1099 4430 Bland.
1114 4375 1198 4442 antiq.
1212 4389 1272 4427 eum
1285 4373 1348 4438 alio,
1367 4371 1413 4424 sed
1429 4370 1531 4438 reliqui

295 4485 354 4521 eum
374 4467 477 4522 duobus
501 4469 562 4520 aliis
587 4467 681 4520 Bland.
706 4465 816 4530 habent,
838 4459 937 4519 noscit.³
963 4495 995 4504 -
1015 4457 1117 4530 3‚'42b.
1144 4457 1224 4515 ‘uoles
1242 4461 1295 4513 eui.
1324 4457 1419 4511 Bland.
1444 4458 1530 4524 antiq.

296 4554 377 4606 habet
395 4555 465 4621 quoi,
484 4555 595 4620 antiquo
615 4547 702 4605 more.³
724 4583 756 4591 -

810 4677 1013 4684 —-.——--—-
