3404 5212
794 383 1007 446 ..16-

281 569 461 633 occurrerit.
486 587 559 634 nam
582 569 614 632 in
639 567 774 633 editione
797 589 824 632 1.
843 569 936 634 1578.
959 570 1065 650 111111
1087 589 1181 654 11111
1205 569 1244 636 ad
1267 569 1332 636 Sat.
1350 570 1366 634 I
1384 573 1412 652 1,
1431 569 1515 646 108„

280 693 312 755 p.
336 671 409 738 314.
433 672 509 738 haec
531 673 695 755 leguntur:
718 669 948 753 ‘Superioribus
983 673 1071 736 annis
1095 675 1245 757 euolgaui
1268 672 1515 738 Commentarios

280 781 402 842 nostros
433 779 464 841 in
494 776 577 840 huuc
614 775 734 852 locum,
773 775 827 840 sed
864 774 1029 840 obscurius
1061 775 1188 860 (fateor)
1221 776 1346 858 exposui
1379 779 1519 840 nostram

280 879 487 942 senteutiam:
511 878 580 956 Qua
602 880 707 960 gratia
729 879 885 944 Henrious
910 878 1085 960 Stephanus
1110 882 1157 944 vir
1180 881 1323 944 doctrina
1352 879 1521 960 inprimis

279 981 430 1046 excellens
463 1001 519 1046 nos
552 985 648 1048 tacite
676 983 812 1064 quidem,
846 985 899 1048 sed
922 981 1052 1046 candide
1081 985 1204 1048 monuit
1232 1030 1347 1049 ......
1376 981 1519 1064 profecto

279 1085 355 1148 haec
391 1084 542 1148 benaucla
563 1084 713 1167 Stephani
746 1084 935 1167 significatio
958 1083 1070 1165 effecit,
1108 1092 1145 1150 11
1181 1089 1219 1150 11
1257 1087 1357 1150 hunc
1391 1085 1519 1148 locum

280 1194 320 1249 et
342 1185 452 1262 alios,
482 1191 519 1250 ut
545 1191 684 1267 postea
714 1188 847 1268 patebit,
876 1189 1056 1268 pressius
1088 1189 1356 1254 examinarem
1387 1235 1503 1256 ......
1507 1184 1517 1208 '

280 1289 387 1370 itaque
417 1307 489 1354 cum
518 1307 546 1354 1.
579 1289 673 1354 1518.
703 1293 807 1354 totum
839 1289 948 1366 illurn,
988 1309 1082 1373 quem
1120 1312 1214 1375 supra
1251 1293 1368 1374 protuli
1404 1292 1520 1367 locum,

280 1393 454 1457 accuratius
478 1391 540 1456 sibi
563 1394 811 1474 percensendum
835 1395 1056 1475 proposuisset,
1080 1397 1144 1460 iam
1161 1396 1277 1462 variam
1296 1395 1437 1460 codicum
1454 1395 1519 1458 lec-

282 1495 400 1559 tionem
423 1495 589 1561 dilucidius
613 1496 792 1578 explicavit,
816 1495 884 1578 ipse
907 1499 993 1563 uobis
1015 1499 1197 1580 planissime
1214 1503 1349 1564 testatus
1365 1517 1398 1562 se
1414 1495 1521 1561 verbis

277 1595 403 1664 Γ311111.
427 1595 556 1664 oodioes'
581 1617 643 1663 non
666 1618 817 1680 omnes,
849 1601 904 1664 sed
928 1601 1024 1666 duos
1054 1587 1179 1668 tantum
1209 1601 1400 1686 significasse
1422 1601 1519 1666 Blan-

279 1701 391 1770 dinios.
425 1721 596 1782 quaecum
631 1702 678 1766 ita
707 1703 780 1780 sint,
813 1702 881 1766 eius
911 1704 1021 1769 rerba:
1049 1702 1109 1769 ‘sic
1144 1707 1260 1772 habent
1293 1705 1403 1770 Blaud.
1441 1697 1515 1766 cod?

279 1804 366 1869 nullo
398 1807 490 1886 pacto
524 1807 569 1868 ita
603 1823 659 1868 nos
696 1806 898 1888 interpretari
920 1821 1022 1887 ‘posse
1057 1811 1169 1882 statuo,
1204 1812 1240 1873 ut
1274 1809 1429 1874 dicamus:
1460 1802 1516 1868 ‘So

279 1907 465 1972 dborliefern
494 1908 556 1971 die
585 1907 831 1972 Blandinisohen
853 1908 1125 1986 Haudschriften',
1150 1912 1204 1976 scd
1227 1914 1285 1976 hoc
1319 1911 1431 1976 modo:
1462 1905 1519 1974 ‘So

277 2013 360 2076 lesen
385 2011 607 2076 Blandinische
630 2010 764 2076 oodioes’
791 2013 855 2077 vel:
872 2010 927 2078 ‘So
950 2015 1036 2078 steht
1059 2015 1091 2078 in
1114 2015 1292 2080 etlichen
1315 2006 1514 2078 Blandiniis.'

278 2115 328 2178 cui
360 2115 406 2178 rei
439 2113 666 2180 confirmandae
700 2115 850 2187 nonnihil*
880 2118 1032 2182 momenti
1065 2117 1138 2182 inde
1171 2120 1305 2200 accedit,
1337 2117 1419 2200 quod
1454 2114 1519 2180 fere

278 2217 386 2281 cadem
415 2236 463 2280 res
492 2218 526 2282 in
557 2217 634 2288 alios
665 2235 786 2300 quoque
808 2219 892 2282 locos
922 2221 1021 2293 cadit,
1061 2221 1115 2302 qui
1152 2220 1311 2304 insignem
1342 2239 1414 2300 cum
1451 2216 1518 2282 illis

278 2320 520 2386 similitudinem
541 2339 628 2402 prae.
655 2340 687 2386 se
718 2323 797 2387 ferre
831 2323 986 2388 videntur.
1021 2342 1096 2387 nam
1126 2341 1199 2387 cum
1228 2341 1289 2388 non
1319 2342 1388 2386 raro
1425 2321 1520 2386 lectio

279 2426 431 2505 quaedam
449 2421 588 2506 ‘scriptis
612 2421 784 2490 codicibus’
810 2425 979 2500 tribuatur,
1005 2429 1216 2507 quaerendum
1247 2432 1303 2507 est,
1332 2445 1408 2490 num
1438 2423 1517 2488 illud

273 2523 396 2610 ‘scripti
408 2523 539 2592 oodioes'
559 2527 642 2592 idem
659 2530 711 2603 sit,
728 2530 809 2608 quod
820 2525 964 2592 ‘omnes
985 2528 1094 2610 scripti
1110 2526 1250 2594 oodioes'
1268 2549 1303 2594 ao
1318 2530 1518 2592 vehementer

279 2631 420 2711 equidem
443 2630 549 2710 miror,
574 2631 655 2711 quod
671 2633 791 2706 Hoetu,
814 2648 885 2696 cum
908 2652 938 2714 p.
958 2632 1010 2696 27.
1027 2635 1092 2714 ipsc
1115 2634 1369 2713 luculentissimo
1393 2635 1518 2698 innixus

278 2734 418 2814 exemplo
442 2737 549 2814 aperte
579 2734 824 2800 demonstrasset
852 2736 954 2800 verbis
978 2731 1102 2816 ‘scripti
1132 2733 1355 2802 codices'non
1384 2754 1520 2800 omnes

278 2837 407 2919 Oraquii
437 2837 533 2902 libros
562 2837 790 2920 intellegendos
824 2856 902 2916 esse,
932 2844 1002 2904 tum
1035 2839 1070 2904 in
1097 2840 1232 2904 indicem
1263 2859 1355 2905 suum
1382 2843 1520 2906 incertas

279 2944 345 3006 eins
368 2941 649 3022 modiscripturas
672 2942 739 3006 sine
763 2942 961 3008 dubitatione
983 2942 1111 3024 recepit,
1149 2945 1238 3025 quasi
1261 2962 1316 3010 eae
1338 2945 1517 3010 referendae

279 3047 383 3110 essent
397 3075 398 3079 ¹
414 3045 453 3108 ad
483 3045 600 3110 librum
631 3045 893 3112 vetustissimum.
918 3048 971 3111 sed
990 3046 1065 3116 ,iam
1094 3047 1162 3128 ipse
1193 3047 1288 3112 velim
1317 3048 1397 3114 hano
1426 3049 1517 3114 litem

279 3148 440 3212 diiudices.
466 3149 506 3212 ad
529 3148 597 3214 Sat.
620 3148 708 3225 113,
732 3148 1173 3216 1.,111111111111111111Γ
1184 3198 1300 3218 ......
1323 3169 1384 3218 non
1407 3153 1516 3232 procul

270 3261 298 3316 'a
320 3251 382 3315 fine
405 3251 498 3316 huius
521 3258 645 3334 satyrae
667 3251 762 3335 vulgo
785 3253 911 3336 legitur,
935 3252 1039 3318 Stoice
1062 3259 1134 3336 post
1157 3255 1306 3320 damnum
1331 3257 1376 3319 sic
1397 3257 1519 3322 vendas

278 3373 305 3419 o.
334 3375 366 3438 p.
396 3356 451 3420 ubi
480 3355 590 3436 scripti
620 3357 739 3422 codices
768 3357 900 3431 habent,
932 3355 1034 3422 Stoice
1063 3360 1312 3438 postdamnum
1341 3361 1367 3424 si
1401 3361 1517 3424 vendas

278 3460 382 3522 omnia
411 3459 443 3540 pl
452 3507 567 3524 ......
572 3454 580 3478 ’
606 3461 659 3523 sed
683 3458 723 3526 ad
746 3460 848 3540 ipsum
877 3477 1002 3523 versum
1032 3461 1106 3526 300.
1138 3461 1213 3526 hauc
1240 3463 1455 3544 proferuntur:
1473 3459 1519 3526 ‘si

277 3560 664 3641 11111111111111111.
691 3561 771 3626 hauc
794 3563 958 3626 lectionem
981 3565 1086 3628 inueni
1109 3566 1140 3628 in
1164 3563 1285 3630 duobus
1308 3565 1515 3631 11111.Μ111.

278 3667 310 3732 et
345 3666 418 3732 Diu.
449 3663 567 3730 Siluius
599 3667 695 3730 etiam
726 3666 830 3743 habet,
860 3668 897 3748 si,
927 3666 981 3730 sed
1012 3685 1083 3732 cum
1113 3687 1129 3731 c
1157 3666 1265 3732 littera
1293 3671 1517 3751 suprascripto.

278 3769 421 3848 equidem
458 3768 538 3832 hanc
568 3770 694 3832 secutus
723 3787 793 3832 sum
824 3817 940 3835 ......
945 3765 953 3790 ’
985 3770 1157 3853 Oruquium
1185 3772 1284 3854 igitur
1312 3774 1415 3855 priore
1444 3776 1513 3838 1111

277 3871 379 3935 111111
397 3867 522 3952 ‘scripti
546 3868 680 3936 oodioes'
706 3889 766 3936 nou
789 3891 928 3947 omnes,
953 3874 1007 3938 scd
1031 3880 1111 3938 tres
1129 3877 1346 3940 tantummodo
1371 3895 1408 3941 ex
1423 3877 1516 3941 libris

278 3973 352 4054 suis,
387 3973 584 4054 Martinium,
623 3974 732 4038 Divaci
755 3976 904 4052 codicem,
940 3977 1073 4042 Silvium
1097 3978 1287 4062 significasse
1311 3982 1379 4047 luce
1403 3981 1517 4046 clarius

278 4082 336 4145 est.
360 4077 480 4153 deinde,
509 4081 545 4141 ut
568 4078 704 4143 alterum
728 4097 850 4160 quoque
872 4079 985 4146 eddam
1015 4083 1201 4163 exemplum,
1225 4084 1264 4148 ad
1293 4081 1324 4147 C.
1348 4084 1438 4160 131,
1465 4085 1514 4150 18.

278 4183 355 4246 haec
377 4182 450 4245 sunt
473 4181 610 4250 adiecta:
641 4179 694 4245 ‘ac
704 4201 821 4262 precor
842 4183 976 4265 intepro.
1007 4184 1054 4248 sic
1077 4187 1243 4268 legendum
1266 4193 1324 4264 est,
1349 4190 1385 4252 11
1399 4187 1517 4254 habeut

278 4283 422 4366 scripti
446 4284 522 4348 cod.
546 4302 617 4358 non.
641 4287 684 4356 at.
708 4291 745 4350 11
768 4285 884 4351 habent
907 4288 1046 4369 vulgati;
1070 4290 1123 4369 qui
1146 4309 1232 4355 error
1254 4291 1366 4356 accidit
1389 4296 1516 4376 propter

279 4387 463 4453 affinitatem
491 4388 670 4454 litterarum
699 4409 715 4456 c
745 4395 777 4454 et
805 4394 827 4456 1.
853 4390 987 4470 Quidam
1017 4392 1127 4474 scripti
1156 4393 1274 4458 habent
1302 4399 1405 4476 atque,
1433 4399 1514 4479 quod

279 4493 359 4555 ratio
382 4492 531 4556 carminis
553 4511 615 4556 non
631 4490 801 4557 admittit'.
825 4493 876 4557 hic
894 4511 1014 4574 quoque
1029 4493 1199 4576 Cruquium
1217 4498 1292 4560 nota
1303 4494 1424 4580 ‘scripti
1439 4497 1512 4563 cod!

279 4611 475 4676 nequaquam
497 4591 635 4660 ‘omnes'
667 4595 764 4662 libros
794 4595 988 4677 complexum
1011 4615 1077 4661 esse
1111 4597 1145 4660 in
1179 4600 1283 4680 aperto
1317 4605 1373 4664 est.
1408 4602 1514 4684 itaqua
