3404 5212
770 338 979 404 ..30-

248 526 408 592 licentiam
451 529 513 611 ipsi
555 525 757 592 adhibeamus
800 547 878 591 neve
916 547 952 592 ex
989 531 1189 592 commode
1232 531 1324 609 atque
1361 529 1489 594 arbitrio

252 629 359 694 nostro
380 629 414 694 iu
437 629 643 694 divinationes
677 628 843 711 rapiamur,
879 648 959 711 quae
994 634 1079 695 certa
1108 632 1229 696 ratione
1259 631 1398 698 stabiliri
1428 651 1490 696 non

247 733 388 814 possunt.

821 887 914 969 VII.

350 1043 439 1106 Haeo
454 1042 553 1125 igitur
568 1041 728 1106 haetenus.
752 1043 900 1124 quoniam
925 1061 960 1107 ex
983 1043 1129 1108 omnibus
1145 1046 1197 1121 eis,
1215 1045 1365 1126 quaehne
1387 1065 1487 1128 osque

248 1145 418 1228 disputavi,
449 1147 481 1211 id
504 1148 668 1211 manifesto
691 1147 792 1211 elnoet
815 1147 988 1229 Oruquium
1022 1166 1094 1212 aum
1128 1149 1159 1212 in
1184 1148 1376 1215 conferendis
1400 1148 1487 1214 eodi-

247 1249 335 1312 oibus
371 1248 453 1314 mira
475 1254 505 1313 et
535 1253 649 1313 nostris
683 1250 874 1331 temporibus
909 1250 1053 1316 inaudita
1094 1252 1191 1316 luisse
1235 1252 1373 1336 levitate,
1416 1254 1487 1318 tum

247 1354 362 1434 ubique
379 1352 474 1418 nimis
490 1352 609 1418 incerto
625 1359 656 1417 ot
670 1354 816 1436 ambiguo
832 1354 953 1419 dieondi
968 1373 1080 1437 genera
1095 1373 1188 1419 usum
1204 1373 1279 1432 esso,
1296 1355 1360 1420 iam
1376 1359 1485 1433 restat,

249 1461 285 1520 ut
309 1457 348 1520 ad
373 1474 423 1520 eos
452 1456 535 1522 loees
564 1458 761 1537 accedamus,
793 1456 966 1538 exquibus
997 1457 1071 1521 libri
1098 1457 1308 1521 vetustissimi
1338 1458 1487 1522 lectiones

250 1561 427 1625 certissime
459 1560 525 1623 erui
556 1579 646 1643 posse
677 1560 741 1624 fere
772 1578 879 1624 ornnes
910 1561 969 1624 viri
996 1561 1080 1625 doeti
1102 1579 1286 1644 persuasum
1318 1561 1487 1628 habebant

354 1663 413 1730 Sed
444 1664 626 1746 priusquam
658 1664 753 1728 huius
776 1665 966 1745 quaestionis
990 1681 1116 1745 operam
1140 1664 1357 1747 suscipiamus,
1387 1683 1488 1746 panea

248 1769 462 1850 praemittam.
487 1785 558 1832 eum
589 1767 673 1831 enirn
703 1771 797 1832 eaden
821 1767 933 1832 Divaei
962 1787 1043 1832 unus
1067 1772 1099 1833 et
1123 1769 1207 1832 solus
1230 1787 1266 1832 ox
1288 1769 1344 1852 eis,
1373 1770 1486 1851 quibus

248 1869 402 1951 Gruquius
426 1887 501 1934 usus
525 1873 581 1945 est,
612 1869 702 1933 libris
725 1889 821 1933 manu
854 1871 980 1951 seriptis
1015 1871 1103 1936 nobis
1126 1872 1253 1935 relictus
1276 1873 1330 1948 sit,
1352 1870 1486 1937 Matthi-

245 1992 341 2056 asquo
377 1993 488 2056 nuper,
527 1973 747 2054 praeeuntibus
785 1973 922 2038 Holdero
956 1981 987 2038 et
1021 1974 1228 2050 Haeussnero,
1262 1993 1331 2038 eum
1370 1976 1487 2040 iterum

247 2078 487 2159 diligentissime
511 2076 690 2152 exousserit,
721 2076 783 2140 iam
806 2076 966 2151 habemus,
997 2081 1077 2142 unde
1100 2080 1263 2174 petionem,
1293 2095 1388 2159 quam
1411 2075 1488 2142 Oru-

248 2183 340 2263 quius
371 2186 496 2248 secutus
519 2181 622 2244 estin
646 2179 804 2244 oodioibus
827 2181 1029 2258 conferendis,
1060 2181 1228 2245 inlustrare
1253 2182 1418 2262 possimus.
1450 2198 1488 2245 ao

248 2286 315 2350 sine
338 2285 432 2350 dnbio
455 2303 491 2349 ex
513 2285 643 2360 ratione,
668 2304 729 2366 qua
750 2285 806 2349 ille
830 2282 1009 2348 eodieem
1032 2281 1178 2346 Divaei
1201 2283 1345 2361 excussit,
1369 2282 1488 2362 optime

247 2388 355 2471 eolligi
377 2390 488 2470 potest,
513 2406 573 2470 quo
589 2389 681 2452 modo
697 2393 840 2452 versatus
856 2387 898 2450 sit
919 2386 952 2448 in
976 2385 1055 2448 libro
1071 2383 1101 2448 V
1116 2385 1307 2450 conferendo.
1336 2385 1487 2448 nimirum

247 2511 328 2566 eum,
367 2491 400 2554 id
434 2495 514 2573 quod
548 2510 642 2572 supra
676 2489 897 2569 demonstravi,
937 2487 1161 2571 pedetemptim
1186 2488 1371 2569 adparatum
1395 2507 1488 2552 suum

248 2597 391 2659 oritioum
422 2592 613 2678 amplificare
628 2594 778 2668 studeret,
811 2595 933 2673 praeter
957 2591 1151 2670 Blandinios‚
1185 2591 1239 2672 qui
1262 2591 1301 2654 ad
1325 2591 1433 2656 orisim
1455 2592 1487 2656 iu

248 2699 380 2762 Horatio
409 2698 613 2762 factitandam
637 2714 753 2761 novum
776 2699 871 2777 atque
901 2693 1063 2758 insolitum
1092 2693 1157 2758 illis
1180 2695 1373 2777 temporibus
1396 2695 1486 2760 adiu·

248 2804 390 2865 mentum
413 2800 604 2877 adferebant,
629 2798 716 2864 aliud
739 2801 865 2881 insuper
888 2798 1015 2880 repetiit
1037 2797 1220 2875 subsidium,
1244 2798 1326 2880 quod
1341 2796 1487 2862 omnibus

248 2909 358 2969 notum
388 2908 470 2968 erat:
502 2904 570 2968 dieo
600 2903 738 2968 oodioem
764 2902 889 2984 Divaei,
921 2902 974 2982 qui
999 2901 1027 2965 ei
1049 2901 1187 2964 melioris
1218 2905 1310 2965 notae
1334 2904 1366 2965 et
1392 2897 1487 2966 ‘beno

248 3002 402 3074 vetustus’
428 3027 495 3072 esse
517 3007 694 3074 videbatur.
718 3023 791 3070 nam
816 3009 944 3087 aecepto
968 3003 1026 3068 hoa
1046 3004 1151 3068 oodiee
1174 3003 1323 3068 editiones
1347 3023 1418 3068 suas
1441 3005 1488 3070 ita

248 3129 433 3193 oomponere
463 3112 574 3193 eoepit,
606 3105 643 3173 ut
673 3129 746 3174 eum
770 3110 966 3190 Blandini0s‚
997 3113 1068 3171 tum
1092 3107 1204 3172 Divaei
1227 3108 1363 3172 eodieem
1386 3108 1487 3172 multo

248 3218 370 3296 saepius
401 3217 433 3280 in
464 3214 617 3279 auxilium
645 3217 783 3289 ¹voearet,
816 3231 911 3294 qnam
941 3214 1070 3286 eeteros,
1102 3210 1156 3291 qui
1186 3211 1213 3274 ei
1237 3215 1362 3290 praesto
1385 3213 1486 3290 erant,

247 3319 414 3383 deterioris
437 3322 528 3384 notae
553 3319 660 3382 libros.
694 3319 781 3380 ouius
803 3318 847 3379 rei
870 3315 1124 3379 luculentissima
1146 3314 1288 3396 exempla
1309 3314 1487 3380 invenimus

248 3427 280 3488 in
305 3425 443 3488 earmina
474 3423 635 3503 saeculari,
668 3419 723 3483 ubi
753 3421 877 3500 praeter
899 3416 1080 3482 Blandinios
1111 3433 1191 3479 unns
1215 3421 1246 3480 et
1269 3416 1354 3480 solus
1378 3417 1488 3482 Divaei

249 3528 330 3592 liber
359 3527 630 3601 commemoratur,
662 3523 762 3588 veluti
785 3541 816 3590 v.
839 3522 870 3586 5.
897 3518 972 3602 ‘qao
1008 3519 1164 3604 Sibyllini
1192 3540 1340 3584 monuere
1369 3540 1487 3588 nasas.

248 3639 383 3715 quatuor
416 3630 537 3696 eodiees
562 3629 674 3694 Bland.
709 3627 829 3692 babent
862 3646 936 3691 una
968 3643 1051 3690 oum
1075 3624 1221 3690 Diuaei
1254 3624 1488 3707 exemplari,

249 3737 331 3817 quod
348 3735 497 3818 Sibyllini
513 3729 693 3808 monuere’3
718 3753 747 3797 v.
764 3731 803 3794 21
818 3778 825 3794 .
838 3727 954 3793 ‘omas
975 3727 1129 3793 andeeos.
1153 3729 1200 3792 ita
1213 3729 1367 3808 seriptum
1381 3728 1489 3792 inueni

249 3839 282 3902 in
305 3841 437 3920 quatuor
460 3838 526 3901 eod.
543 3836 655 3902 Bland.
680 3839 717 3900 et
741 3829 917 3910 Diuaei';
941 3851 974 3901 v.
996 3832 1048 3898 27.
1072 3827 1198 3895 ‘seruet
1223 3831 1339 3911 babent
1354 3835 1488 3913 quatuor

248 3943 316 4006 eod.
346 3940 506 4005 Blandinii
537 3947 575 4004 et
598 3934 771 4018 Diuaei';
804 3956 854 4003 vv.
877 3936 1019 4002 49-51.
1035 3930 1191 4015 ‘quaeqae
1212 3951 1266 3997 eos
1287 3933 1380 3998 bobas
1402 3953 1487 3999 eene·

248 4048 343 4107 rator
366 4043 448 4108 albis
470 4047 525 4110 ete.
549 4044 673 4122 deinde,
696 4041 844 4121 impetret
864 4039 998 4104 bellante
1016 4037 1113 4118 prior
1134 4040 1189 4101 ato.
1218 4036 1298 4102 bano
1319 4037 1489 4103 lectionem

250 4166 311 4212 non
335 4148 467 4226 mutent,
491 4147 566 4229 quia
587 4146 620 4210 in
644 4151 778 4228 quatuor
801 4141 959 4208 oodioibns
983 4141 1093 4206 eadem
1117 4143 1185 4206 erat
1208 4158 1280 4206 oum
1302 4141 1366 4206 suis
1390 4159 1489 4206 anno·

249 4252 424 4316 nationibus
458 4255 496 4315 st
528 4252 670 4316 Diuaei
700 4244 783 4314 eod?
818 4248 859 4311 al.
898 4247 1006 4326 itaque
1035 4245 1186 4309 Matthias
1211 4244 1253 4328 (p.
1276 4243 1342 4326 53.)
1375 4244 1487 4326 qnin-

248 4359 389 4437 gentos
420 4355 719 4436 quinquaginta
749 4351 813 4414 fere
836 4349 919 4413 locos
942 4367 978 4411 ex
1001 4345 1179 4428 Oruquiana
1202 4346 1358 4428 farragine
1380 4366 1487 4412 eruere

249 4459 363 4539 potuit,
387 4459 421 4522 in
445 4458 557 4540 quibus
581 4459 674 4521 oodex
698 4455 807 4520 Divaei
830 4457 884 4517 aut
907 4451 1023 4516 diserte
1047 4455 1310 4515 commemoratur
1333 4454 1387 4516 aut
1410 4470 1483 4516 eum

251 4561 420 4644 significari
449 4561 589 4626 eonieere
618 4577 793 4641 possumus.
824 4554 931 4619 nullus
960 4556 1115 4636 igiturex
1145 4555 1257 4619 oetsris
1285 4554 1374 4619 libris
1398 4555 1484 4620 dete-
