3404 5212
689 241 899 304 „17-

169 429 269 511 igitur
297 429 350 492 hic
380 429 465 493 mala
488 429 597 492 fraude
620 427 791 512 Gruquium
815 446 907 492 usum
930 446 997 492 esse
1020 431 1147 493 censes?
1182 429 1324 512 equidem
1347 448 1408 494 uon

168 534 279 617 cred03
302 551 377 596 nam
400 552 436 596 ex
459 533 517 605 his,
542 552 619 615 quae
643 532 754 597 statim
770 535 857 615 sequi
873 533 983 597 iussit:
1002 530 1071 596 ‘abo'
1086 552 1175 596 oasa.
1209 533 1320 602 Bland.
1338 536 1407 600 cod.

168 637 333 720 antiquiss.
357 635 455 700 habet
479 633 571 716 visa',
607 636 658 700 vel
689 636 823 700 manime
848 638 977 718 adparet
1000 634 1172 718 Cruquium
1195 637 1246 702 hic
1268 639 1300 702 in
1323 657 1409 702 mar-

167 739 242 820 gine
265 739 411 804 editionis
433 757 516 816 suae,
541 757 602 820 qua
624 740 657 804 in
678 737 838 804 codicibus
853 739 1047 804 conferendis
1063 741 1221 820 utebatur,
1245 743 1341 804 semel
1357 744 1407 806 vel

168 844 264 907 etiam
297 841 345 906 bis
374 840 436 906 sibi
466 844 630 907 adnotasse
659 861 715 923 pro
744 842 852 906 littera
880 843 1095 908 alitterulam
1118 845 1129 907 i
1152 847 1303 925 scriptam
1331 863 1408 920 esse,

167 949 214 1011 ita
242 949 359 1022 tamen,
388 949 425 1008 ut
447 962 481 1010 eo
512 950 662 1028 tempore,
692 964 753 1026 quo
778 947 1017 1010 commentarios
1040 965 1112 1012 suos
1136 949 1318 1032 composuit,
1343 947 1407 1012 iam

166 1067 291 1131 prorsus
324 1047 468 1125 nesciret,
504 1049 610 1114 utrum
645 1049 806 1114 adnotatio
829 1048 898 1115 ,illa
931 1050 1097 1114 111111.
1133 1049 1185 1132 (ad
1216 1049 1405 1132 scripturam

161 1147 305 1235 ‘praua')
330 1171 370 1216 an
394 1151 432 1214 ad
456 1151 549 1216 172.
576 1151 629 1235 (ad
645 1153 834 1234 scripturam
852 1148 970 1234 ‘vasa')
995 1171 1035 1217 an
1059 1152 1192 1235 denique
1216 1153 1256 1216 ad
1279 1158 1402 1217 utrum·

167 1275 226 1338 que
249 1273 377 1320 versum
399 1255 442 1320 sit
464 1255 634 1320 referenda.
667 1257 806 1321 conferes
837 1257 932 1320 etiam
956 1255 1020 1320 Sat.
1045 1256 1130 1333 113,
1155 1255 1227 1338 300,
1251 1257 1306 1321 ubi
1330 1258 1405 1323 haec

167 1360 333 1442 leguntur:
353 1355 397 1422 ‘so'
418 1359 536 1422 vendas
559 1360 670 1423 omnia
690 1357 805 1440 piaris.
828 1359 910 1424 hanc
925 1360 1094 1424 lectionem
1109 1359 1218 1424 inueni
1234 1359 1268 1424 in
1286 1360 1406 1426 duobus

168 1463 265 1528 codic.
295 1463 390 1528 Mart.
415 1468 447 1526 et
474 1463 546 1527 Diu.
578 1462 695 1527 Siluius
731 1463 829 1527 etiam
865 1463 969 1541 habet,
1004 1464 1041 1542 si,
1075 1463 1129 1526 sed
1163 1482 1235 1528 cum
1258 1483 1275 1528 e
1297 1463 1407 1529 littera

167 1563 398 1648 suprascripta?
432 1564 605 1647 Oraquium
635 1565 686 1630 hic
715 1567 827 1632 Divaei
856 1567 995 1632 codicem
1023 1586 1079 1649 per
1102 1583 1237 1630 errorem
1265 1568 1405 1650 posuisse

169 1689 223 1752 pro
247 1669 342 1734 Silvio
365 1669 470 1736 codice
493 1671 558 1734 veri
587 1669 789 1734 simillimum
811 1673 874 1748 est;
904 1688 979 1735 nam
1003 1669 1115 1735 Divaei
1142 1669 1221 1733 liber
1244 1671 1352 1736 babet:
1375 1672 1405 1734 si

167 1773 284 1838 vendas
306 1773 415 1836 ornato
431 1772 562 1855 ptoris;
585 1775 639 1836 sed
663 1791 757 1854 supra
775 1770 829 1838 ‘si'
854 1793 951 1838 manu
981 1773 1151 1838 recentiore
1180 1775 1333 1856 scriptum
1356 1778 1405 1840 est

167 1879 341 1942 atramento
369 1875 507 1959 nigriore
540 1877 650 1941 littera
672 1879 703 1942 c!
720 1875 757 1958 ¹⁰)
793 1879 924 1960 denique
958 1878 1059 1942 tribus
1092 1877 1168 1942 locis
1205 1875 1360 1960 Oruquius
1390 1897 1407 1940 1

166 1980 269 2044 codice
293 1979 403 2044 Divaei
431 1980 603 2062 scripturas
634 1981 764 2063 profert,
799 2001 877 2065 quae
908 1983 941 2046 iu
970 2001 1004 2046 eo
1027 1998 1088 2045 non
1112 1983 1273 2046 extabant:
1298 1980 1405 2046 Sati

167 2085 216 2164 10,
239 2084 282 2149 59
299 2079 401 2164 ‘qui';
425 2085 456 2148 Π
471 2082 501 2162 5,
519 2080 641 2168 38‘fi’3
667 2084 756 2165 EpI
781 2085 829 2162 17,
847 2083 886 2147 21
907 2081 1055 2166 ‘pascis'3
1079 2101 1156 2166 quas
1179 2085 1252 2150 alii
1276 2083 1402 2150 cuidam

166 2189 265 2254 codici
296 2187 503 2270 adsignandas
533 2187 631 2252 fuisse
665 2192 760 2270 atque
788 2207 844 2269 per
867 2205 1002 2252 errorem
1032 2186 1113 2252 libro
1136 2188 1245 2253 Divaei
1268 2188 1404 2252 tributas

164 2313 229 2358 esse
252 2293 319 2356 iure
343 2289 519 2372 suspiceris.

266 2395 336 2458 Iam
366 2414 437 2459 vero
468 2397 494 2459 si
523 2401 607 2460 recte
636 2415 668 2460 se
695 2397 821 2474 babent,
852 2415 930 2478 quae
954 2396 1015 2460 huo
1038 2414 1134 2478 usque
1157 2395 1402 2476 disputavimus,

164 2499 364 2564 statuendum
395 2499 485 2563 nobis
513 2504 561 2563 est
590 2502 622 2564 et
646 2501 750 2564 omnia
772 2500 962 2580 discrimina,
998 2517 1077 2581 quae
1108 2501 1141 2564 in
1172 2499 1250 2580 ipsis
1272 2498 1402 2580 Oruquii

164 2603 269 2669 verbis
298 2603 399 2666 inesse
424 2603 579 2682 videntur,
610 2605 641 2666 et
664 2622 769 2668 omnes
792 2603 864 2668 illas
888 2603 1114 2686 dubitationes,
1137 2621 1216 2684 quae
1239 2602 1328 2666 nobis
1351 2601 1404 2665 hic

163 2707 230 2772 illic
259 2709 432 2779 moventur,
462 2726 537 2770 num
567 2725 695 2774 revera
725 2709 757 2770 in
780 2707 860 2770 libro
883 2705 1111 2784 vetustissimo,
1145 2725 1224 2787 quae
1247 2703 1403 2788 Oruquius

164 2829 201 2873 ex
224 2829 258 2874 eo
280 2809 417 2882 rettulit,
447 2810 619 2886 extiterint,
649 2809 735 2874 facili
759 2810 883 2892 negotio
907 2829 942 2872 en
977 2809 1125 2874 inbecillo
1149 2808 1329 2891 interpretis
1352 2808 1403 2872 in-

165 2915 255 2998 genio
290 2915 335 2979 ita
370 2915 517 2996 explicari
551 2933 651 2995 posse,
686 2917 723 2980 nt
753 2917 848 2979 abeo
882 2915 998 2978 crimen
1034 2914 1113 2978 illud
1148 2911 1405 2978 voluntariae

165 3019 282 3084 fraudis
304 3020 429 3100 penitus
453 3018 576 3082 amoliri
600 3022 631 3082 et
653 3037 796 3082 amovere
820 3017 998 3082 debeamus.
1030 3019 1125 3099 atque
1148 3017 1201 3098 qui
1224 3017 1402 3080 considera-

165 3122 246 3187 verit
269 3121 440 3204 Oruquium
464 3126 549 3185 certa
572 3140 608 3186 ac
631 3121 761 3186 definite
784 3121 902 3185 codices
925 3121 1109 3202 designandi
1132 3121 1252 3184 ratione
1275 3117 1402 3182 omnino

163 3245 254 3289 usum
290 3243 351 3288 non
385 3243 451 3287 esse
469 3225 519 3309 ¹¹),
544 3243 676 3306 eumque
701 3245 736 3288 ex
765 3224 910 3289 undecim
939 3225 1003 3288 suis
1032 3223 1192 3288 codicibus
1215 3241 1276 3287 non
1298 3221 1400 3286 solum

163 3330 334 3409 scripturas
357 3327 512 3410 antiquus,
537 3329 591 3392 sed
615 3328 710 3392 etiam
734 3331 930 3392 correcturas
965 3328 1174 3408 exscripsisse,
1204 3327 1251 3390 ita
1284 3329 1403 3400 tamen,

164 3437 198 3496 ut
221 3431 414 3495 diuersarum
429 3449 581 3495 manuum
604 3432 753 3496 lectiones
775 3451 946 3514 numquam
963 3431 1027 3495 fero
1043 3449 1186 3495 secerner
1205 3427 1283 3510 tm),
1307 3428 1401 3492 item·

163 3555 222 3617 que
245 3538 278 3599 in
301 3537 418 3600 rasuris
442 3541 474 3598 et
496 3535 599 3598 lituris
622 3553 748 3618 perraro
765 3555 811 3612 ea,
836 3554 915 3617 quae
932 3534 1080 3616 primitus
1100 3450 1336 3820 amant,
1362 3531 1402 3594 ab

164 3639 207 3700 eis
231 3639 432 3722 disiungeret,
456 3655 536 3720 quae
559 3643 668 3720 postea
691 3642 779 3704 erant
802 3637 963 3720 inlata¹³),
978 3673 1021 3686 -
1037 3638 1091 3719 qui
1259 3623 1303 3710 co,
1328 3652 1400 3698 con-

164 3738 356 3820 siceraverir,
379 3743 405 3804 is
428 3741 568 3822 proiecto
591 3742 764 3824 intelleget,
789 3742 843 3824 qui
867 3742 986 3806 factum
1010 3742 1063 3817 sit,
1087 3744 1122 3804 ut
1227 3737 1228 3740 ’
1253 3741 1300 3802 ius
1324 3737 1401 3802 licet

164 3841 281 3922 optimo
319 3844 448 3908 consilio
484 3845 515 3908 in
551 3845 685 3928 singulis
723 3845 910 3910 editionibus
956 3848 1153 3929 tamr⁶saape
1188 3860 1293 3908 secum
1330 3841 1398 3923 ipso

163 3949 325 4027 pugnaret,
360 3949 396 4011 ut
418 3947 493 4012 licet
516 3949 634 4012 invitus
669 3949 800 4030 doloque
823 3967 941 4014 vacuus
965 3913 1201 4056 falleffiosset
1223 3946 1316 4025 atque
1339 3961 1400 4008 non

163 4065 333 4128 numquam
355 4069 387 4111 re
411 4069 482 4114 vera
505 4049 641 4114 falleret.

267 4218 298 4282 ¹⁰)
317 4218 351 4270 cf.
370 4218 472 4271 aaron.
490 4218 552 4272 diss.
573 4235 598 4287 p.
617 4224 659 4272 67.

267 4305 298 4373 ¹¹)
318 4304 380 4359 vide
399 4321 424 4372 p.
445 4309 488 4358 23.

265 4390 297 4453 ¹²)
317 4393 350 4446 ct'.
370 4407 395 4459 p.
415 4395 457 4442 41.
562 4387 567 4396 ’

265 4475 298 4546 ¹³)
317 4477 378 4530 vide
396 4494 421 4546 p.
440 4481 470 4529 31
492 4491 548 4544 sqq.
