3404 5212
679 399 888 462 ...59„

166 590 250 642 Tons.
281 587 351 640 Nan.
379 587 460 640 Mart.
490 585 584 639 uiuae.
620 585 668 638 Sil.
702 585 746 637 sed
774 590 791 636 4
824 583 918 638 Bland.
952 583 1068 638 diuellat
1099 565 1106 634 .
1115 619 1192 635 .....
1193 575 1202 600 ’
1232 611 1264 622 -
1295 581 1334 645 lo,
1362 581 1403 636 25.

163 669 272 741 ‘ucmpe
291 672 485 725 caducarius.
620 670 700 723 Mart.
717 669 772 722 cod.
791 670 881 734 babet,
900 667 1027 738 expellas,
1045 668 1145 738 reliqui
1163 683 1263 733 omnes,
1281 669 1403 738 expelles.

164 757 338 814 etc.·Deiude
355 763 373 808 4
390 756 486 810 Bland.
505 757 579 810 Busl.
598 755 646 809 Sil.
666 755 765 809 habent
783 756 907 824 vestigia.
928 757 1008 812 Mart.
1021 759 1048 809 et
1066 755 1145 808 'lons
1165 755 1279 822 fastigia
1295 793 1390 807 ......
1393 751 1400 772 '

164 876 193 886 -
214 845 253 910 ll,
266 843 313 910 22;
326 843 367 896 24.
381 837 422 896 ‘tu
439 859 647 912 quamcumque.
668 841 697 894 hi
711 842 764 895 duo
775 858 876 907 versus,
894 849 926 896 tu
938 857 1108 912 quamcumq.
1127 841 1191 895 deus
1208 839 1263 894 tibi
1281 841 1403 894 fortuna-

163 933 238 986 uerit
256 931 358 996 horam,
377 932 456 1000 grata
474 945 549 982 sume
564 946 657 994 manu,
670 945 717 983 nec
731 928 821 983 dulcia
834 929 911 984 differ
925 932 954 984 in
968 945 1076 994 annum,
1090 930 1119 982 iu
1131 929 1251 982 Bland.
1265 944 1318 982 non
1331 928 1404 982 fuere

164 1019 283 1086 primum
301 1016 406 1084 scripti,
425 1015 471 1069 sed
488 1016 577 1070 multo
594 1019 656 1084 post
674 1017 797 1084 tempore
813 1019 879 1070 sunt
896 1016 1004 1082 adiecti,
1023 1019 1055 1070 ut
1076 1015 1224 1069 ostendunt
1236 1014 1403 1068 characteres

162 1104 192 1156 in
211 1103 330 1156 tribus
353 1101 432 1155 libris
451 1101 549 1156 Bland.
568 1101 597 1154 in
615 1103 712 1170 quarto
730 1102 805 1156 fuere
824 1102 940 1170 quidem,
966 1103 1013 1156 sed
1030 1101 1079 1156 boc
1097 1101 1184 1168 modo,
1212 1100 1265 1154 tibi
1282 1101 1403 1154 fortuna-

162 1190 331 1253 uenturam,
351 1188 408 1240 sine
426 1189 492 1240 uota
510 1187 699 1255 aspirationis:
725 1190 859 1255 praeterea
878 1203 990 1258 sequens
1008 1203 1114 1242 carmen
1132 1186 1160 1240 in
1179 1189 1295 1255 quatuor
1306 1185 1403 1240 Bland.

163 1275 245 1328 Mart.
264 1277 293 1328 et
318 1273 367 1327 Sil.
390 1272 479 1338 babet,
505 1272 546 1326 Tu
572 1288 738 1342 quocumque
766 1274 822 1327 loco
848 1273 946 1340 fueris3
973 1290 1035 1341 non,
1063 1275 1095 1326 ut
1116 1266 1222 1325 ....·’
1243 1301 1275 1312 -
1297 1271 1336 1336 12,
1355 1271 1402 1325 21:

161 1355 170 1378 ‘
177 1398 270 1413 ......
287 1359 400 1414 verbnm
418 1359 500 1422 deest,
521 1359 593 1427 quod
610 1359 640 1412 in
659 1359 800 1428 antiquiss.
819 1359 877 1416 cod.
890 1359 988 1413 Bland.
1007 1361 1183 1428 syncopatum
1201 1357 1312 1426 legitur,
1327 1358 1403 1424 dest,

163 1463 223 1500 cnm
241 1447 403 1514 apostropbo
422 1461 503 1512 supra
521 1444 539 1498 d
557 1444 678 1498 litteram
689 1444 723 1514 (1)
742 1482 835 1500 ......
838 1440 847 1464 ’
870 1477 900 1486 -
922 1445 962 1510 11,
978 1443 1017 1500 lo.
1035 1440 1057 1496 ‘.
1069 1485 1074 1497 .
1086 1485 1092 1497 .
1159 1443 1192 1498 In
1211 1443 1401 1512 antiquissimo

164 1531 262 1586 Bland.
282 1531 339 1586 cod.
353 1547 405 1599 pro
423 1547 488 1584 nam
506 1547 573 1600 quaa
592 1530 704 1598 deserta,
724 1533 774 1585 etc.
794 1531 902 1600 legitur,
927 1548 994 1584 uam
1017 1530 1080 1600 qud,
1109 1533 1136 1583 et
1158 1547 1240 1600 supra
1263 1529 1402 1596 scriptum,

161 1619 225 1672 ubi:
245 1617 315 1687 quod
333 1618 462 1672 lectorem
480 1617 565 1671 celare
582 1612 673 1672 nolui?
693 1647 726 1659 -
748 1617 787 1681 15,
807 1617 829 1672 1.
848 1613 939 1688 ‘Quae
955 1619 993 1671 sit
1010 1617 1095 1670 hiems
1108 1617 1139 1671 V.
1163 1616 1303 1684 inscriptio
1321 1615 1402 1668 buius

162 1703 240 1773 epist.
258 1705 287 1757 in
306 1707 424 1772 quatuor
442 1703 539 1757 Bland.
564 1703 639 1760 Busl.
657 1703 736 1758 Tune.
761 1704 809 1757 Sil.
837 1708 879 1758 est
906 1703 940 1758 ad
964 1703 1130 1756 Numoninm
1154 1702 1259 1756 Valam.
1289 1703 1323 1756 In
1349 1718 1402 1754 uno

163 1794 254 1844 antem
274 1789 399 1846 Blandin.
419 1789 543 1844 additum
562 1791 603 1842 est
619 1790 657 1843 lla
673 1790 790 1844 lauacris
808 1789 916 1858 frigidis
934 1785 1039 1844 ......’
1054 1819 1086 1830 -
1104 1789 1142 1854 15,
1154 1789 1179 1844 o.
1196 1784 1345 1842 ‘Clusinos
1364 1788 1403 1841 sic

161 1875 243 1930 babet
260 1875 316 1929 cod.
335 1875 432 1928 Bland.
451 1875 538 1943 antiq.
556 1878 584 1928 et
602 1875 652 1929 Sil.
792 1892 845 1929 non
863 1877 954 1942 etiam,
980 1875 1098 1932 Clusinis
1121 1913 1213 1930 ......
1216 1871 1224 1894 ’
1247 1905 1279 1916 -·
1300 1876 1340 1940 15,
1363 1876 1402 1932 1⁰.

159 1957 334 2016 ‘deuersoria
353 1967 427 2019 uota.
448 1961 487 2014 sic
504 1959 586 2014 habet
602 1960 699 2015 Bland.
718 1961 774 2017 cod.
794 1963 878 2030 antiq.
891 1963 990 2031 reliqui
1009 1979 1109 2028 omncs,
1129 1962 1277 2016 diuersoria
1293 1999 1388 2015 ......
1391 1957 1400 1980 ²

162 2075 193 2086 -
210 2046 249 2110 15,
264 2047 303 2100 11.
320 2041 461 2114 puteosne
469 2047 620 2114 persuasis
633 2045 723 2102 dulcis
736 2063 830 2115 aquae.
850 2049 889 2102 sic
906 2047 1010 2102 babent
1028 2048 1080 2102 duo
1099 2047 1155 2102 cod.
1170 2047 1252 2102 Mart.
1265 2049 1293 2101 et
1306 2047 1401 2101 Bland.

164 2134 251 2202 antiq.
269 2133 368 2202 reliqui
386 2148 485 2194 omnes.
504 2132 577 2202 iugis
596 2149 680 2202 aquae
697 2127 802 2186 ..³
819 2134 964 2198 -15,12.
982 2129 1123 2187 ‘donabat
1143 2139 1159 2186 4
1177 2133 1274 2186 Bland.
1292 2133 1402 2197 habent,

163 2213 293 2273 donarat?
314 2249 346 2258 ·-
368 2220 407 2284 15,
427 2219 468 2272 15.
487 2213 559 2273 ‘vilis
577 2224 603 2272 et
620 2220 747 2288 aquinae.
768 2217 811 2272 Sic
828 2219 931 2274 babent
949 2219 1074 2273 4B1and.
1093 2220 1168 2272 Busl.
1186 2219 1258 2273 Nan.
1275 2219 1338 2272 Diu.
1354 2220 1402 2274 Sil.

163 2306 212 2360 alii
226 2308 376 2374 sequuntur
388 2305 544 2374 vulgatam
564 2303 703 2358 sedaliam
723 2309 829 2360 secutus
847 2323 915 2370 sum,
929 2306 1000 2374 quod
1014 2323 1135 2360 omasum
1148 2307 1279 2373 agninum
1291 2305 1403 2359 tenuius

161 2391 199 2446 εἰ1
217 2396 245 2446 et
263 2391 392 2454 tenerius,
410 2407 492 2459 quam
510 2391 581 2460 quod
599 2393 656 2446 tale
674 2392 830 2446 barathrum
851 2387 1033 2461 compararet?
1054 2423 1086 2432 -
1109 2392 1148 2456 11,
1170 2394 1193 2447 1.
1210 2389 1344 2462 ‘Quicum
1364 2391 1402 2444 sic

162 2479 294 2547 scriptum
312 2482 356 2532 est
373 2480 402 2532 in
421 2479 563 2547 antiquiss.
583 2478 638 2532 cod.
655 2479 751 2533 Bland.
768 2495 815 2547 per
832 2495 846 2532 c
864 2474 1044 2532 1111111ιηῖ-
1065 2478 1106 2544 11,
1118 2479 1143 2532 7.
1161 2472 1258 2532 ‘curru
1269 2476 1402 2546 supieutc.

161 2563 258 2618 Bland.
277 2564 363 2633 antiq.
382 2562 473 2628 habet,
492 2559 589 2618 cursu?
609 2595 640 2604 -
658 2566 697 2629 11,
711 2566 753 2619 41.
771 2561 834 2633 ‘quo
853 2579 898 2618 res
915 2580 1054 2632 spousorc.
1074 2566 1113 2618 sic
1130 2565 1212 2618 babet
1231 2563 1287 2618 cod.
1305 2561 1402 2617 Bland.

161 2651 381 2719 antiquissimus,
401 2653 429 2704 et
447 2651 587 2704 verissima
605 2651 686 2704 lectio
705 2655 747 2704 est
765 2650 896 2704 hactenus
915 2652 1041 2719 ignorata
1060 2651 1154 2714 doctis,
1182 2650 1229 2718 qui
1253 2649 1297 2702 vel
1319 2649 1401 2702 inuiti

161 2741 271 2792 tautum
300 2738 450 2790 tribuerint
476 2737 598 2804 Horatio,
629 2741 661 2791 ut
688 2753 873 2806 responsorem
901 2738 1144 2804 interpretarentur
1172 2734 1403 2799 iurisconsultum,

160 2826 267 2890 praeter
285 2839 392 2877 omnem
411 2822 594 2878 Latinitatem
612 2862 688 2878 .....
710 2818 764 2862 ’-
781 2823 820 2889 11,
835 2823 876 2876 la.
895 2818 1062 2892 ‘crepitatque
1076 2823 1209 2880 Sabellus.
1221 2822 1260 2876 sic
1272 2823 1402 2890 scriptum

160 2915 205 2962 est
225 2911 254 2962 in
272 2911 357 2978 antiq.
377 2910 433 2965 cod.
452 2910 548 2968 Bland.
568 2911 639 2979 quod
653 2911 727 2970 ¹mihi
746 2927 797 2964 non
817 2925 911 2977 parum
929 2909 1017 2977 placet
1041 2913 1121 2977 atque
1145 2909 1210 2962 adeo
1234 2908 1295 2976 plns
1323 2923 1403 2976 quam

162 2996 280 3064 vulgata
298 2996 386 3062 lectio,
400 2999 509 3064 propter
520 2997 689 3062 κακόφωνοι»
706 3033 782 3050 .....
802 2990 810 3013 ’
827 3025 857 3034 -
874 2994 913 3057 11,
928 2995 969 3047 51.
982 2989 1101 3048 ‘miluus
1114 2996 1153 3048 sic
1166 2994 1266 3048 habent
1278 3001 1295 3049 4
1307 2993 1402 3046 Bland.

160 3082 216 3136 cod.
234 3083 266 3136 nt
283 3083 321 3135 sit
338 3082 512 3150 trisyllabum
535 3118 630 3136 ......
633 3076 641 3099 ’
662 3111 694 3122 -
715 3082 815 3146 11,11.
842 3077 889 3134 ‘do
911 3082 984 3134 iusto
1007 3087 1126 3150 sauctoq.
1150 3081 1221 3136 uide.
1250 3081 1288 3136 εἰσ
1315 3080 1405 3134 habet

163 3167 220 3221 cod.
238 3167 383 3236 antiquiss.
402 3167 529 3222 Blandin.
549 3184 628 3236 quem
646 3173 753 3222 secutus
776 3183 835 3220 sum
859 3170 966 3234 propter
983 3165 1014 3218 τὸ
1034 3168 1101 3220 mibi
1124 3205 1217 3221 ......
1220 3163 1228 3186 ³
1248 3199 1283 3208 -
1305 3169 1403 3237 1111.

158 3247 218 3322 ‘qua‘
235 3254 331 3308 melior
348 3270 440 3320 seruo,
464 3254 513 3322 qui
536 3254 582 3308 tu.
605 3291 700 3307 ......
731 3253 805 3307 Haec
827 3253 907 3306 lectio
931 3254 1072 3307 inuenitur
1100 3255 1128 3306 iu
1155 3259 1172 3308 4
1195 3255 1251 3309 cod.
1275 3255 1402 3323 Blandis.

160 3340 233 3396 Busl.
252 3340 322 3394 Nan.
341 3341 389 3394 sil.
409 3344 436 3394 et
454 3341 516 3394 Diu.
535 3341 580 3394 scd
598 3340 678 3394 Mart.
697 3347 724 3394 et
743 3341 822 3394 Tons.
841 3340 950 3406 habent,
975 3357 1036 3409 quo,
1063 3358 1123 3394 cum
1150 3341 1271 3410 vulgatis
1293 3379 1388 3394 ......

159 3454 192 3464 -
213 3424 253 3491 17,
274 3425 315 3480 12.
332 3419 380 3478 ‘ad
397 3430 520 3480 unctum.
663 3425 727 3480 (lod.
746 3425 842 3480 Bland.
868 3427 953 3495 antiq.
972 3426 1062 3491 habet,
1087 3428 1237 3492 inunctum,
1262 3443 1316 3480 una
1341 3443 1403 3481 voce

159 3525 214 3578 pro,
232 3510 310 3564 valde
329 3505 456 3564 unctum?
477 3540 509 3550 —
531 3509 570 3576 17,
589 3510 631 3564 21.
649 3505 752 3564 ‘cerum
771 3511 864 3566 doute.
882 3512 926 3564 hic
944 3513 1019 3566 locus
1043 3513 1116 3564 varie
1140 3513 1248 3582 legitur.
1267 3518 1284 3566 4
1302 3512 1399 3566 Bland.

158 3596 214 3650 cod.
228 3595 304 3650 Busl.
315 3595 384 3650 Nan.
399 3595 447 3649 sil.
464 3612 556 3650 verum
575 3597 657 3650 dante
674 3597 770 3650 minor.
784 3597 864 3650 Mart.
879 3598 961 3652 babet
979 3615 1074 3651 rerum.
1095 3599 1156 3651 Diu.
1172 3615 1260 3652 rorum
1278 3615 1305 3652 es
1318 3599 1401 3652 dante

158 3698 194 3736 nr.
213 3683 320 3751 vulgati
338 3683 448 3747 habent,
468 3699 560 3736 verum
578 3698 606 3736 es
625 3682 705 3736 dante
726 3699 760 3736 m.
787 3713 821 3723 -
841 3684 880 3748 18,
903 3685 940 3736 15.
963 3679 1045 3738 ‘alter
1061 3685 1180 3739 rimatus.
1205 3687 1278 3740 locus
1302 3685 1347 3739 bic
1369 3689 1397 3739 in

161 3768 271 3836 scriptis
289 3770 363 3822 varie
381 3769 490 3838 legitur,
510 3772 537 3822 et
560 3785 613 3822 non
637 3785 690 3822 uno
716 3769 793 3823 modo
817 3770 949 3823 clausulas
977 3770 1061 3822 babet
1087 3771 1280 3839 interpunctas.
1308 3771 1396 3824 Bland
1458 3805 1461 3809 ,

159 3855 303 3922 antiquiss.
321 3869 352 3907 ex
370 3869 422 3922 quo
440 3852 588 3908 Comment.
612 3853 807 3922 descripsimus,
834 3855 923 3919 babet,
942 3855 1019 3921 alter,
1042 3857 1145 3910 rixatus
1173 3857 1205 3911 de
1232 3857 1295 3910 lana
1321 3873 1397 3925 saepe
1422 3854 1424 3856 ’

159 3942 268 4010 caprina
285 3945 453 4012 propugnat:
472 3941 554 4010 nugis
572 3944 693 3996 armatus
717 3941 826 3996 scilicet.
847 3941 892 3994 ubi
915 3959 996 4010 supra
1020 3943 1149 4010 scriptum
1174 3945 1223 4008 est,
1250 3943 1396 3998 inutilibus

158 4030 327 4097 argumentis
350 4065 443 4080 ......
466 4028 526 4082 Duo
542 4028 591 4082 alii
610 4028 706 4083 Bland.
725 4029 794 4082 alter
811 4028 918 4082 rixatur
936 4031 968 4082 de
987 4030 1049 4084 lana
1067 4047 1145 4097 saepe
1164 4031 1272 4099 caprina
1295 4046 1394 4098 propu-

158 4119 226 4183 gnat
243 4117 324 4184 nugis
342 4117 470 4168 armatus.
489 4113 599 4168 scilicet.
619 4114 923 4183 qua1·tusBland.alter
941 4116 1042 4170 rixatus
1056 4117 1088 4170 dc
1099 4117 1161 4170 lane
1174 4133 1251 4186 saepe
1265 4133 1321 4187 cap.
1336 4133 1396 4186 pro-

158 4203 263 4268 pugnat
272 4200 353 4269 nugis
366 4203 493 4254 armatus.
504 4200 616 4254 scilicet.
630 4201 710 4254 Tons.
726 4201 760 4256 al.
770 4202 819 4256 rix.
828 4201 853 4254 d.
864 4201 881 4254 1.
892 4218 912 4254 s.
923 4219 944 4256 c.
961 4219 987 4272 p.
1001 4220 1028 4258 n.
1038 4207 1157 4256 armatus
1169 4203 1273 4257 scilicet
1287 4237 1381 4257 ......
1384 4198 1392 4222 ³

160 4315 189 4328 -
205 4285 246 4352 18,
258 4286 301 4340 ao.
318 4281 519 4340 ‘Brundisium
531 4286 649 4341 Miuuti.
779 4287 872 4343 Diusc.
889 4289 969 4344 Mart.
988 4289 1058 4343 Nan.
1078 4277 1258 4344 consentiunt¹
1271 4291 1399 4360 vulgatae

159 4373 276 4429 lectioni.
300 4378 317 4427 4
334 4371 434 4426 Bland.
452 4375 480 4425 et
498 4371 546 4426 Sil.
565 4372 668 4426 babent
686 4373 798 4428 Minati.
817 4375 889 4428 Busl.
914 4375 1030 4429 Medati.
1053 4377 1132 4430 'lons
1158 4377 1269 4431 Munici.
1292 4415 1386 4430 ......
1389 4371 1397 4395 ³

158 4488 190 4498 -
211 4458 251 4524 18,
271 4459 313 4514 18.
332 4454 377 4512 ‘uc
395 4463 421 4512 te
438 4474 551 4527 semper.
576 4457 672 4512 Bland.
690 4464 707 4511 4
725 4459 806 4514 Tons.
825 4461 894 4514 Nan.
913 4463 986 4516 Busl.
1007 4463 1036 4516 in
1055 4468 1168 4532 utroque
1196 4480 1275 4517 versu
1293 4463 1396 4516 habent

158 4561 231 4600 num.
249 4544 346 4600 Dinae.
365 4545 440 4612 legit,
459 4559 513 4598 non
528 4582 552 4598 ..
563 4539 631 4597 ....’
653 4575 685 4584 -
707 4545 746 4611 18,
767 4547 824 4602 187.
842 4543 879 4602 ‘et
897 4547 964 4602 milri
980 4548 1082 4605 ciuem.
1101 4550 1139 4604 εἰσ
1157 4555 1174 4602 4
1191 4548 1287 4604 Bland.
1305 4551 1332 4602 et
1351 4549 1399 4602 Sil.

157 4632 227 4699 quod
245 4631 334 4700 magis
352 4625 460 4699 placet’.
475 4661 504 4670 -
521 4631 562 4696 lo,
575 4629 622 4697 223
635 4631 677 4684 23.
695 4625 753 4700 ‘qua'
771 4633 824 4686 sibi
841 4633 915 4699 fidet,
935 4633 994 4687 duc
1011 4641 1085 4704 repet
1097 4651 1138 4690 ecc.
1158 4635 1197 4689 sic
1209 4633 1292 4689 babet
1305 4635 1399 4689 Bland.

158 4719 300 4788 antiquiss.
313 4735 372 4771 cnm
386 4719 449 4771 Diu.
462 4722 489 4770 et
503 4718 551 4770 Sil.
564 4718 660 4787 reliqui
672 4721 726 4772 tras
740 4719 834 4773 Bland.
849 4719 957 4784 habent,
972 4720 1040 4786 fidit,
1054 4722 1124 4790 regit
1143 4715 1249 4775 ......’
1260 4751 1292 4760 -
1306 4721 1345 4785 lo,
1356 4722 1397 4776 18.
