3404 5212
718 345 924 410 „35-

201 530 423 595 ,tantummodo
447 529 530 594 locos
555 528 633 608 (Sat.
657 529 689 594 ΙΙ
715 529 745 606 3,
770 531 849 608 282;
875 531 903 608 7,
929 531 1006 610 113;
1031 533 1087 616 Ep.
1111 533 1127 598 I
1151 533 1200 614 10,
1226 533 1282 620 183
1307 535 1357 620 16,
1382 537 1441 615 63;
1488 592 1491 606 ,

208 633 257 710 18,
293 633 351 716 203
376 631 435 715 983
469 632 502 696 ΙΙ
531 633 561 711 2,
593 633 660 716 80.)
683 634 863 717 investigari
886 651 985 717 posse,
1013 635 1067 700 ubi
1091 639 1218 702 decern
1241 639 1441 706 nominantur

204 735 334 801 codices.
370 755 463 818 quam
492 755 560 800 rem
594 735 664 801 non'
690 737 779 820 parvi
802 738 954 804 momenti
976 739 1202 806 aestimandam
1225 759 1290 806 esse
1320 761 1439 826 conseo,

203 859 275 905 cum
308 840 373 904 iam
407 841 465 906 hac
498 841 711 906 observatione
746 859 808 906 una
841 844 873 906 ot
906 843 974 908 sola
1008 842 1091 908 viros
1120 845 1226 910 doctos
1260 861 1294 908 eo
1328 844 1441 912 adduci

204 944 348 1010 debuisse
370 948 489 1027 putem,
524 945 561 1009 ut
588 943 718 1026 Oraquii
741 943 823 1008 illud
857 941 978 1009 ‘omnes
1019 942 1148 1010 codices’
1190 948 1328 1012 maxima
1368 967 1441 1014 cum

202 1049 347 1114 cautione
381 1047 597 1130 accipiendum
618 1066 685 1112 esse
708 1065 807 1129 neque
830 1065 884 1129 pro
909 1051 992 1112 certo
1015 1048 1173 1114 adfirmari
1202 1068 1291 1130 posse
1320 1055 1439 1117 statue·

202 1156 275 1216 rent
297 1149 480 1234 Crnquium,
514 1150 686 1238 siquando
720 1149 815 1216 dixit:
845 1147 903 1215 ‘sic
927 1169 1033 1217 omnes
1056 1152 1173 1218 hahent
1207 1152 1352 1231 codices',
1376 1155 1439 1220 iam

204 1255 408 1320 Blandininm
442 1272 562 1336 quoque
596 1253 846 1318 vetustissimum
880 1273 914 1318 co
939 1255 1005 1320 loco
1039 1256 1209 1338 respexisse
1239 1259 1289 1323 vel
1312 1259 1438 1324 omnino

203 1357 382 1442 inspexisse.
405 1374 479 1423 narn
501 1375 562 1439 quo
584 1359 685 1434 modo,
710 1375 833 1438 quaeso,
858 1356 1012 1440 Oruqnius
1028 1361 1092 1441 ipse
1110 1355 1265 1425 ‘omnium
1281 1361 1436 1426 codicum'

203 1481 388 1528 eonsensum
417 1461 478 1525 sibi
501 1459 662 1526 enotavit?
695 1479 745 1524 me
773 1459 876 1526 iudice
905 1479 966 1526 non
998 1461 1059 1526 alio
1091 1461 1152 1528 nisi
1181 1462 1240 1528 hoc
1270 1467 1369 1545 modo,
1404 1467 1440 1530 ut

202 1585 278 1632 una
306 1568 381 1631 nota
412 1568 450 1630 ad
473 1563 618 1631 editionis
641 1582 715 1629 suae
738 1563 913 1646 marginem
936 1564 1128 1648 signiticaret
1156 1561 1291 1632 ‘omnes'
1317 1567 1438 1632 codices

206 1671 336 1736 candem
361 1668 504 1734 exhibere
526 1669 703 1734 lectionem.
729 1666 787 1732 hac
810 1666 842 1730 in
865 1685 897 1730 re
920 1669 1027 1732 autem
1042 1667 1177 1734 maxime
1194 1671 1242 1734 est
1257 1671 1437 1750 verendum,

202 1795 250 1856 ne,
289 1792 361 1838 cum
396 1773 536 1837 omnium
570 1771 711 1836 codicum
747 1787 932 1836 consensum
966 1770 999 1834 in
1034 1788 1198 1837 commune
1233 1772 1436 1854 significaret,

183 1881 241 1944 -do
271 1877 403 1960 singulis
432 1875 587 1942 codicibus
616 1891 701 1938 more
724 1892 780 1938 suo
803 1892 839 1939 ea
861 1872 1042 1956 neglexerit,
1067 1892 1144 1956 quae
1167 1874 1230 1957 ipsi
1253 1894 1288 1940 ex
1310 1876 1439 1941 arbitrio

202 1983 290 2066 parvi
318 1982 469 2044 momenti
502 1997 566 2044 esse
595 1977 794 2044 videbantur.
819 1994 893 2042 uam
923 1969 1082 2042 hominium
1111 1977 1210 2048 istum
1236 1996 1274 2042 aa
1295 1979 1438 2045 tantum·

202 2086 294 2150 modo
323 2082 571 2148 animadvertere
599 2083 693 2164 atque
716 2099 882 2162 congerere
904 2080 1033 2144 solitum
1058 2098 1133 2159 esse,
1154 2099 1233 2162 quae
1256 2083 1317 2164 ipsi
1340 2102 1438 2167 genu-

202 2187 266 2263 ina,
296 2187 426 2267 antiqua
454 2185 609 2268 dignaque
637 2184 825 2250 videbantur
854 2184 1038 2260 memoratu,
1073 2183 1137 2248 iam
1171 2203 1263 2249 nemo
1297 2190 1355 2263 est,
1384 2189 1438 2270 qui

202 2291 333 2374 ignoret.
358 2307 458 2371 neque
481 2289 595 2353 desunt
619 2289 771 2370 exempla,
795 2285 906 2370 quihus
929 2285 1085 2350 sententia
1107 2305 1177 2352 mea
1193 2307 1287 2370 qnam
1303 2290 1438 2356 maxime

202 2393 410 2459 confirmetur.
436 2391 534 2456 veluti
550 2392 590 2456 ad
606 2390 639 2457 C.
656 2391 689 2455 II
708 2392 757 2474 11,
776 2392 825 2456 17.
843 2390 917 2454 haec
942 2389 1103 2456 adnotavit
1121 2388 1436 2472 Oruqoius2‘Eaias.

202 2498 248 2562 sic
276 2498 384 2562 inveni
415 2499 446 2560 in
470 2496 582 2564 Bland.
606 2497 755 2562 vetustiss
756 2541 1049 2562 ..............
1068 2493 1123 2558 ahi
1155 2513 1288 2559 ornnes
1313 2495 1437 2575 habent,

202 2598 347 2678 Euhius',
366 2635 404 2648 -—
423 2603 455 2665 at
471 2599 584 2664 Divaei
608 2598 703 2663 habet
721 2595 893 2682 ‘Euchius',
921 2618 1013 2682 quarn
1038 2601 1166 2682 quidem
1182 2604 1377 2681 varietatem,
1394 2603 1439 2668 ait

200 2703 354 2768 Matthias
386 2723 415 2786 p.
439 2703 501 2782 58,
537 2702 691 2785 Cruquius
731 2702 863 2768 fortasse
896 2702 964 2766 ideo
998 2702 1116 2782 omisit,
1153 2705 1227 2786 quia
1262 2706 1294 2770 in
1329 2706 1438 2771 Divaei

201 2807 307 2873 codice
323 2823 378 2889 pro
401 2807 423 2870 h
447 2824 538 2888 saepo
562 2806 600 2870 ch
622 2805 781 2884 scribitur,
805 2805 895 2870 velut
917 2805 1027 2882 michi,
1051 2806 1148 2872 nichil
1171 2810 1263 2893 cett.;
1280 2845 1322 2856 -
1337 2809 1371 2874 Ο.
1388 2810 1437 2873 ΙΙΙ

204 2913 253 2988 16,
276 2912 333 2976 ao:
352 2907 511 2992 ‘impipca
534 2912 580 2974 sic
602 2910 717 2974 hahent
741 2909 870 2974 omnia
892 2912 972 2975 nost.
996 2907 1144 2992 scripta';
1180 2913 1213 2976 at
1236 2912 1345 2976 Divaei
1373 2913 1438 2978 cod.

196 3010 353 3097 ‘impier'3
378 3049 419 3060 -
441 3013 547 3079 Sati
578 3013 606 3095 1,
641 3012 700 3076 38:
733 3009 885 3094 ‘sopiens
911 3013 944 3077 in
979 3013 1038 3078 hoo
1075 3014 1272 3080 consentiunt
1309 3034 1439 3080 omnes

201 3117 409 3199 manuscripti
439 3116 568 3182 codices.
598 3136 673 3182 nam
695 3116 854 3181 moderate
883 3116 931 3180 nti
954 3115 1045 3180 docet
1073 3113 1258 3202 sapientia'3
1287 3137 1346 3200 quo
1373 3119 1439 3184 loco

200 3224 283 3288 recte
317 3221 465 3286 adfirmat
492 3220 644 3286 Matthias
668 3239 696 3302 p.
720 3220 773 3286 61.
809 3219 861 3284 hie
884 3218 1054 3301 Oruqnium
1077 3222 1103 3284 si
1126 3238 1187 3286 non
1210 3221 1438 3306 neglegentem,

201 3331 234 3392 at
268 3327 351 3391 cerie
385 3326 489 3390 minus
524 3325 706 3390 accuratum
741 3323 846 3400 fuisse,
877 3341 949 3388 cum
979 3323 1073 3388 codex
1104 3323 1217 3388 Divaei
1248 3323 1392 3390 exhibeat
1421 3345 1440 3390 a

200 3431 301 3512 prima
324 3446 418 3494 manu
447 3424 613 3512 ‘paciens’,
638 3445 830 3510 quamquam
851 3425 932 3492 illud
962 3423 1113 3508 ‘paciens'
1139 3445 1200 3492 non
1222 3427 1369 3512 primitus
1392 3434 1440 3494 ast

201 3533 364 3616 scriptum,
389 3534 441 3597 sed
464 3550 560 3596 mann
583 3532 686 3612 prima
709 3531 884 3594 correctum
900 3549 936 3594 ex
953 3525 1118 3611 ‘sapiens’.
1142 3565 1185 3578 -
1201 3529 1265 3596 Sat.
1284 3531 1361 3608 117,
1380 3531 1436 3597 18:

195 3633 329 3718 ‘quanto
353 3634 554 3700 constantior
582 3632 697 3697 iisdem
719 3631 758 3696 io
780 3631 880 3700 uitiis.v
905 3633 954 3698 sie
978 3651 1109 3698 omnes
1133 3652 1209 3717 quos
1233 3634 1296 3716 legi
1319 3634 1439 3700 codices

200 3741 319 3823 scripti,
342 3757 418 3823 quos
442 3739 611 3820 sequimur,
635 3737 886 3820 praetoribus,
911 3736 965 3818 qui
988 3739 1146 3804 consentit
1176 3737 1305 3802 lectioni
1327 3738 1438 3822 vulga-

200 3841 283 3924 tae’;
313 3845 363 3910 hic
385 3843 540 3926 Cruquius
563 3843 629 3908 sine
660 3840 755 3906 dubio
786 3841 887 3906 dicere
916 3841 985 3906 vult
1016 3859 1078 3908 non
1103 3837 1228 3919 ‘idem',
1256 3840 1439 3906 nominandi

199 3967 316 4028 casum,
340 3948 395 4013 sed
418 3947 558 4012 eiusdem
580 3944 772 4028 pronominis
795 3944 970 4010 ablativum
993 3943 1128 4026 pluralis
1144 3945 1178 4008 in
1196 3944 1354 4011 codicibus
1372 3945 1437 4010 suis

200 4051 353 4136 exhiberi3
384 4051 439 4116 sed
462 4069 534 4115 cum
563 4049 673 4114 Divaei
697 4043 832 4113 ‘idem'
857 4045 1020 4130 praeberet
1047 4066 1119 4112 cum
1142 4066 1251 4113 rasura
1273 4047 1400 4114 litterae
1423 4066 1438 4112 s

198 4155 270 4239 post
296 4155 308 4218 i
337 4154 522 4232 litterulam,
552 4151 676 4218 silentio
707 4150 869 4234 praeteriit
903 4151 1013 4216 Divaei
1036 4151 1153 4218 librum
1176 4170 1195 4218 a
1217 4153 1318 4234 prima
1340 4168 1437 4216 manu

195 4253 337 4336 ‘isdem',
353 4275 414 4324 non
431 4253 572 4322 ‘iisdem’
591 4254 775 4322 exhibuisse.
793 4291 834 4302 --
850 4255 906 4336 Ep.
920 4253 952 4318 II
978 4257 1005 4331 1,
1029 4255 1108 4320 222:
1126 4252 1373 4336 ‘reprehendero
1392 4253 1438 4318 sic

199 4361 231 4426 in
255 4361 441 4427 omnihus
465 4361 590 4443 scriptis
607 4356 756 4444 legitur’3
774 4363 807 4424 at
825 4359 882 4426 lib.
901 4359 1026 4425 Divaei:
1046 4354 1353 4441 ‘roprandoro’‚-sl.
1377 4357 1439 4421 huc

199 4465 358 4548 pertinent
382 4483 511 4548 quoque,
536 4483 614 4546 quae
637 4465 827 4529 adnotantur
849 4464 888 4528 ad
913 4462 945 4528 Ο.
969 4463 1002 4527 II
1026 4464 1056 4546 2,
1082 4462 1139 4527 17:
1159 4459 1350 4526 ‘Phraaten
1381 4459 1438 4524 alii

199 4571 372 4637 Phraorten
407 4569 575 4652 legendum
604 4568 735 4652 putant:
768 4568 920 4653 Equidem
952 4572 1078 4634 secutus
1108 4585 1179 4632 sum
1210 4563 1439 4702 manuscriptos

1303 4670 1318 4718 a
