3404 5212
816 328 1029 394 ..16¹-

295 528 433 609 saliere,
452 549 548 614 quam
571 532 700 614 quidem
724 533 759 598 in
781 535 929 598 carminis
952 534 1143 598 contentu
1165 533 1295 612 invenit,
1312 533 1362 600 ‘ut
1384 553 1490 600 veram
1506 536 1539 599 et

293 631 447 716 apertam’
469 636 634 718 amplexus
658 640 706 701 661
730 634 1115 719 ideoque‘reolamantem
1138 637 1439 704 adnotationem
1461 639 1536 705 sori-

292 734 393 819 ptam’
420 756 458 802 66
472 737 556 822 typis
571 738 700 821 quidem
719 740 899 823 mandavit3
924 739 987 803 iam
1010 738 1303 819 veroann01578.‚
1328 758 1400 806 eum
1415 739 1537 808 rideret

293 837 408 906 ‘doutis
431 841 489 905 hoo
511 841 600 906 uelut
622 842 727 906 minus
750 843 912 925 proprium
934 861 996 907 non
1019 844 1151 924 plaeere,
1176 861 1237 908 non
1259 843 1416 925 gravatim
1431 845 1537 907 mutet

296 941 513 1023 sententiam,
536 941 946 1027 reeipit‘Commentatoris’
965 945 1164 1029 scripturam,
1188 946 1319 1026 adponit
1335 946 1444 1010 statim
1467 945 1536 1020 eius

292 1046 535 1114 adnotationem.
570 1047 603 1111 id
637 1049 718 1130 quod
751 1047 816 1114 ieie
850 1050 984 1114 eundern
1006 1050 1040 1114 in
1073 1051 1201 1116 modum
1229 1052 1269 1116 ad
1305 1051 1401 1134 llpod,
1429 1051 1478 1128 12,
1505 1053 1535 1117 1.

175 1233 183 1240 η
292 1151 341 1214 661
363 1149 501 1234 fautum3
535 1149 587 1214 hio
610 1149 694 1214 enirn
717 1171 788 1216 oum
817 1153 966 1222 61565.
995 1171 1066 1218 enm
1099 1151 1288 1235 loquacitate
1322 1153 1457 1236 quadam
1492 1153 1530 1218 de

290 1253 532 1318 Blandiniurum
556 1252 734 1328 rettulisset
764 1255 937 1337 seripturis,
969 1257 1001 1321 in
1031 1257 1155 1340 integra
1184 1256 1322 1322 editione
1352 1257 1390 1322 de
1421 1256 1531 1322 eadem

291 1375 325 1421 re
346 1375 384 1420 ne
407 1357 665 1422 oommemoravit
698 1359 823 1440 quidem
847 1359 1041 1439 Blandinios,
1073 1359 1148 1440 quia
1177 1359 1299 1428 seilicet
1327 1357 1424 1424 ‘retro
1459 1360 1530 1424 vela

290 1456 374 1525 dare'
392 1465 517 1526 ooaotus
533 1461 656 1537 616161,
680 1461 1077 1543 6661666166316611616
1101 1461 1237 1543 quodam
1261 1461 1371 1527 luleire
1394 1462 1531 1540 studuit,

290 1562 569 1630 oonieoturam
591 1564 713 1630 abicere
736 1567 900 1631 maluerat.

390 1665 463 1731 Noli
486 1669 592 1732 tamen
613 1668 725 1750 putare
749 1687 808 1748 me,
842 1669 903 1734 hae
924 1669 977 1734 via
998 1685 1246 1751 progressurum,
1276 1667 1418 1749 singulos
1441 1669 1530 1732 16666

287 1769 477 1851 singillatim
500 1771 698 1854 ponderando
720 1789 828 1836 omnes
851 1769 1066 1847 difficultates,
1095 1771 1201 1836 omnia
1222 1769 1408 1835 disorimina
1433 1771 1531 1852 expli·

289 1890 358 1936 aare
396 1873 490 1955 atque
527 1872 692 1955 explanare
729 1873 826 1955 velle;
864 1872 961 1938 immo
1000 1890 1185 1955 persuasum
1222 1872 1335 1950 habeo,
1373 1873 1401 1936 si
1438 1874 1531 1955 quasi
1654 1871 1659 1880 ’

156 2013 163 2016 -
288 1968 380 2052 66616
403 1978 547 2058 certoque
569 1979 668 2060 gradu
690 1977 730 2042 ad
751 1975 903 2042 eruendas
919 1975 993 2040 libri
1010 1974 1216 2041 vetustissimi
1230 1975 1380 2040 lectiones
1397 1974 1529 2057 adgredi
1665 1965 1666 1972 '

288 2078 443 2158 volumus,
467 2080 678 2146 necessarium
702 2098 777 2160 6666,
800 2085 836 2144 61
859 2098 921 2146 666
944 2081 1046 2144 661661
1068 2080 1128 2144 hoe
1149 2077 1318 2160 diligenter
1339 2079 1527 2162 inquiratur,

288 2202 348 2266 quo
371 2184 462 2249 modo
496 2187 547 2249 vel
577 2184 699 2268 quando
721 2185 876 2268 Gruquius
910 2184 1011 2248 varias
1046 2183 1187 2247 eodioum
1220 2179 1371 2247 lectiones
1404 2185 1528 2248 rettu-

288 2287 399 2365 lerit,
422 2289 596 2355 sedetiam
616 2279 685 2366 h'oe,
709 2307 770 2372 quo
793 2291 885 2356 modo
908 2285 970 2350 sibi
993 2287 1059 2368 ipse
1083 2303 1135 2351 666
1158 2285 1405 2354 6161616111.

389 2393 493 2474 Atque
511 2394 552 2458 ut
574 2393 684 2458 statim
707 2395 820 2472 dinam,
844 2391 926 2476 quod
949 2389 1059 2467 sentio,
1082 2392 1158 2473 puto
1181 2389 1328 2472 equidem
1353 2388 1527 2471 Oruquium

285 2493 419 2558 eundem
441 2495 475 2559 in
499 2494 635 2572 modum,
660 2513 720 2577 quo
743 2495 889 2559 Nannius
912 2515 947 2560 ex
970 2495 1126 2572 universe,
1157 2495 1211 2577 qui
1241 2492 1270 2558 ei
1298 2494 1423 2575 praesto
1447 2497 1525 2570 erat,

285 2596 441 2679 adparatu
463 2597 570 2664 eriti'uo
586 2598 685 2678 notas
708 2616 780 2662 suas
803 2599 843 2663 ad
867 2598 1014 2664 editionis
1037 2596 1202 2661 cuiusdam
1223 2595 1401 2680 marginem
1430 2596 1528 2678 adpo·

285 2701 412 2778 661191..
429 2701 563 2784 quadam
586 2701 635 2765 sui
669 2702 818 2782 temporis
851 2701 988 2767 editione
1021 2701 1147 2765 Horatii
1181 2700 1226 2765 ita
1256 2718 1349 2764 usum
1379 2718 1457 2776 esse,
1491 2701 1528 2760 ut
1560 2711 1563 2717 '

286 2805 331 2868 ad
354 2803 438 2869 eius
461 2803 680 2887 marginem
711 2806 774 2882 (vel
796 2806 898 2887 spatio
930 2803 1093 2869 deficiente
1122 2804 1164 2868 in
1194 2803 1310 2867 loliis
1340 2801 1523 2880 adnexis)

285 2928 321 2972 ea
343 2909 494 2985 66616161,
518 2927 597 2992 quae
620 2908 679 2991 ipsi
703 2928 739 2972 ex
761 2911 891 2974 arbitrio
914 2926 970 2972 suo
994 2907 1089 2991 digna
1111 2926 1177 2971 esse
1200 2907 1390 2970 videbantur
1405 2923 1526 2970 merno-

285 3012 367 3075 1616.
398 3011 448 3075 661
478 3013 523 3076 161
554 3011 783 3076 confirmandae
814 3013 969 3095 optimum
999 3011 1103 3075 locum
1127 3008 1205 3073 mihi
1227 3009 1383 3072 invenisse
1407 3009 1525 3085 videor,

285 3114 355 3178 dieo
378 3133 423 3192 ea,
446 3133 525 3196 quae
548 3114 587 3179 ad
611 3114 735 3180 86111
759 3115 788 3192 1,
814 3115 854 3178 71
879 3135 940 3197 sq:

286 3217 367 3283 Gom
388 3216 482 3281 semel
506 3217 626 3299 effugit,
650 3217 808 3282 redditae
823 3237 964 3299 prauo
985 3217 1131 3281 catenis?

279 3321 372 3386 ‘Nou
393 3341 465 3384 som
487 3316 651 3397 1116661166,
676 3321 736 3387 ads.
759 3341 859 3402 oeque
880 3340 933 3402 eqo
955 3319 1077 3384 11616616
1105 3318 1171 3403 foer,
1202 3319 1256 3384 ubi
1286 3338 1382 3382 ausu
1403 3368 1518 3385 ......

285 3426 447 3492 adnotavit
471 3423 635 3508 Cruquius,
660 3423 705 3490 ed.
732 3423 824 3490 1573.
847 3445 878 3508 p.
900 3424 979 3490 499:
1006 3421 1138 3506 ‘praua
1162 3425 1272 3490 malim
1294 3425 1397 3506 legere
1419 3424 1523 3505 priua,

284 3533 542 3612 quemadmodum
567 3529 647 3592 milri
668 3529 777 3592 uideor
793 3529 831 3613 (1)
855 3529 969 3613 legisse
1000 3531 1031 3592 in
1061 3529 1166 3592 codiee
1191 3527 1312 3594 Diuaei.
1351 3527 1405 3590 obt
1435 3544 1523 3600 uaso,

283 3635 394 3699 Bland.
411 3636 476 3698 eod.
499 3633 661 3714 antiquiss.
686 3632 779 3696 habet
802 3627 886 3697 visa?
917 3633 1011 3698 codex
1031 3632 1140 3696 Diuaei
1164 3634 1196 3696 in
1219 3651 1279 3715 quo
1302 3631 1382 3696 illud
1400 3625 1519 3714 ‘priua'

283 3735 439 3818 Oruquius
462 3734 522 3800 sibi
544 3736 656 3817 legisse
680 3735 854 3812 ridebatur,
885 3737 969 3801 solus
992 3737 1024 3800 et
1047 3755 1128 3800 unus
1161 3755 1196 3800 ex
1218 3735 1317 3808 libris,
1353 3733 1466 3816 quibus
1494 3733 1522 3796 16

283 3841 439 3920 utebatur,
473 3837 564 3902 nobis
596 3837 724 3902 relictus
748 3843 809 3922 est3
847 3843 939 3922 atque
964 3838 1046 3902 huno
1083 3837 1199 3902 librum
1234 3837 1387 3902 Matthias
1426 3855 1523 3918 nuper

283 3942 506 4024 praeeuntibus
530 3942 664 4006 Holdero
695 3943 727 4004 61
756 3944 951 4006 Η66666661ο
983 3941 1099 4005 iterum
1129 3959 1253 4004 summa
1283 3959 1355 4005 oum
1386 3961 1459 4006 cura
1491 3946 1522 4006 et

284 4045 451 4126 diligentia
474 4064 508 4108 66
539 4046 668 4109 oonsilio
700 4046 845 4122 excussit,
878 4050 914 4109 ut
944 4046 1037 4110 fidem
1061 4043 1190 4127 Oruquii
1222 4045 1426 4111 examinaret.
1459 4048 1522 4110 ianr

283 4149 321 4212 de
350 4151 504 4230 scriptura
529 4146 645 4231 ‘priua'
679 4150 755 4214 11666
783 4149 900 4230 profert
931 4149 1084 4215 Matthias
1119 4169 1149 4230 p.
1180 4152 1238 4216 68:
1267 4148 1395 4216 Β[1111661
1427 4149 1521 4216 habet

276 4273 415 4333 prono.
463 4271 652 4335 quamquam
686 4273 705 4318 a
738 4254 855 4327 littera,
890 4256 928 4318 ab
962 4253 1109 4317 inferiore
1145 4259 1232 4336 parte
1268 4256 1433 4336 paululum
1467 4253 1521 4316 ob-

281 4356 425 4420 litterata
448 4360 505 4439 est,
529 4360 635 4422 tamen
666 4357 762 4422 166116
790 4353 914 4438 ‘prava’
951 4357 1066 4438 plane
1099 4359 1310 4440 perspicua
1343 4354 1407 4422 est?
1445 4377 1520 4420 num

286 4507 296 4512 -
306 4507 357 4511 -.-
370 4507 389 4511 -
415 4503 490 4513 .,.-..-.

375 4579 407 4647 ’1)
425 4579 459 4634 ei.
482 4579 621 4632 Duentaer.
640 4581 670 4632 in
688 4579 837 4633 Muetzellii
855 4595 915 4632 ann.
933 4579 982 4632 XI.
1005 4595 1030 4650 p.
1050 4583 1101 4634 92⁷
1119 4595 1174 4648 sqq.
1195 4581 1221 4632 et
1240 4578 1340 4632 Matth.
1360 4577 1423 4632 diss.
1447 4593 1473 4644 p.
1493 4581 1517 4631 o.
