<?xml version="1.0" encoding="UTF-8"?>
<!DOCTYPE html PUBLIC "-//W3C//DTD XHTML 1.0 Transitional//EN"
    "http://www.w3.org/TR/xhtml1/DTD/xhtml1-transitional.dtd">
<html xmlns="http://www.w3.org/1999/xhtml" xml:lang="en" lang="en">
 <head>
  <title>
</title>
<meta http-equiv="Content-Type" content="text/html;charset=utf-8" />
  <meta name='ocr-system' content='tesseract 3.04.00' />
  <meta name='ocr-capabilities' content='ocr_page ocr_carea ocr_par ocr_line ocrx_word'/>
</head>
<body>
  <div class='ocr_page' id='page_1' title='image "./decruquiicodice00kukugoog_0051.png"; bbox 0 0 3404 5212; ppageno 0'>
   <div class='ocr_carea' id='block_1_1' title="bbox 803 373 1014 438">
    <p class='ocr_par' dir='ltr' id='par_1_1' title="bbox 803 373 1014 438">
     <span class='ocr_line' id='line_1_1' title="bbox 803 373 1014 438; baseline 0 -18"><span class='ocrx_word' id='word_1_1' title='bbox 803 373 1014 438; x_wconf 67' lang='lat'><strong>..42-</strong></span> 
     </span>
    </p>
   </div>
   <div class='ocr_carea' id='block_1_2' title="bbox 226 557 1530 1985">
    <p class='ocr_par' dir='ltr' id='par_1_2' title="bbox 226 557 1530 1985">
     <span class='ocr_line' id='line_1_2' title="bbox 393 557 1530 644; baseline 0.002 -20"><span class='ocrx_word' id='word_1_2' title='bbox 393 557 480 637; x_wconf 82' lang='lat' dir='ltr'>Quae</span> <span class='ocrx_word' id='word_1_3' title='bbox 503 579 574 624; x_wconf 91' lang='lat' dir='ltr'>cum</span> <span class='ocrx_word' id='word_1_4' title='bbox 596 559 643 624; x_wconf 89' lang='lat' dir='ltr'>ita</span> <span class='ocrx_word' id='word_1_5' title='bbox 665 560 738 636; x_wconf 86' lang='lat' dir='ltr'>sint,</span> <span class='ocrx_word' id='word_1_6' title='bbox 762 560 829 626; x_wconf 89' lang='lat' dir='ltr'>fieri</span> <span class='ocrx_word' id='word_1_7' title='bbox 858 579 919 626; x_wconf 93' lang='lat' dir='ltr'>non</span> <span class='ocrx_word' id='word_1_8' title='bbox 948 562 1061 642; x_wconf 87' lang='lat' dir='ltr'>potest,</span> <span class='ocrx_word' id='word_1_9' title='bbox 1093 561 1168 643; x_wconf 91' lang='lat' dir='ltr'>quin</span> <span class='ocrx_word' id='word_1_10' title='bbox 1199 561 1264 626; x_wconf 87' lang='lat' dir='ltr'>fere</span> <span class='ocrx_word' id='word_1_11' title='bbox 1294 561 1409 644; x_wconf 93' lang='lat' dir='ltr'>ubique</span> <span class='ocrx_word' id='word_1_12' title='bbox 1440 563 1530 644; x_wconf 82' lang='lat' dir='ltr'>quasi</span> 
     </span>
     <span class='ocr_line' id='line_1_3' title="bbox 290 663 1527 748; baseline 0.001 -21"><span class='ocrx_word' id='word_1_13' title='bbox 290 681 383 728; x_wconf 88' lang='lat' dir='ltr'>caeca</span> <span class='ocrx_word' id='word_1_14' title='bbox 417 663 628 728; x_wconf 79' lang='lat' dir='ltr'><strong>excruciemur</strong></span> <span class='ocrx_word' id='word_1_15' title='bbox 653 663 837 747; x_wconf 78' lang='lat' dir='ltr'>suspicione,</span> <span class='ocrx_word' id='word_1_16' title='bbox 871 665 1059 743; x_wconf 79' lang='lat' dir='ltr'>metuentes,</span> <span class='ocrx_word' id='word_1_17' title='bbox 1091 685 1130 730; x_wconf 88' lang='lat' dir='ltr'>ne</span> <span class='ocrx_word' id='word_1_18' title='bbox 1160 664 1313 746; x_wconf 81' lang='lat' dir='ltr'>Cruquius</span> <span class='ocrx_word' id='word_1_19' title='bbox 1344 685 1398 748; x_wconf 92' lang='lat' dir='ltr'>per</span> <span class='ocrx_word' id='word_1_20' title='bbox 1428 685 1527 730; x_wconf 91' lang='lat' dir='ltr'>unum</span> 
     </span>
     <span class='ocr_line' id='line_1_4' title="bbox 226 767 1527 851; baseline 0 -19"><span class='ocrx_word' id='word_1_21' title='bbox 226 815 228 818; x_wconf 86' lang='lat'>-</span> <span class='ocrx_word' id='word_1_22' title='bbox 292 769 465 834; x_wconf 85' lang='lat' dir='ltr'>alterumve</span> <span class='ocrx_word' id='word_1_23' title='bbox 488 787 524 832; x_wconf 91' lang='lat' dir='ltr'>ex</span> <span class='ocrx_word' id='word_1_24' title='bbox 547 770 641 834; x_wconf 85' lang='lat' dir='ltr'>variis</span> <span class='ocrx_word' id='word_1_25' title='bbox 663 769 734 834; x_wconf 89' lang='lat' dir='ltr'>istis</span> <span class='ocrx_word' id='word_1_26' title='bbox 757 770 912 836; x_wconf 86' lang='lat' dir='ltr'>erroribus</span> <span class='ocrx_word' id='word_1_27' title='bbox 940 769 991 832; x_wconf 91' lang='lat' dir='ltr'>hic</span> <span class='ocrx_word' id='word_1_28' title='bbox 1021 767 1089 833; x_wconf 92' lang='lat' dir='ltr'>illic</span> <span class='ocrx_word' id='word_1_29' title='bbox 1117 769 1164 833; x_wconf 92' lang='lat' dir='ltr'>ita</span> <span class='ocrx_word' id='word_1_30' title='bbox 1187 770 1293 851; x_wconf 87' lang='lat' dir='ltr'>lapsus</span> <span class='ocrx_word' id='word_1_31' title='bbox 1324 769 1375 847; x_wconf 90' lang='lat' dir='ltr'>sit,</span> <span class='ocrx_word' id='word_1_32' title='bbox 1406 771 1442 832; x_wconf 92' lang='lat' dir='ltr'>ut</span> <span class='ocrx_word' id='word_1_33' title='bbox 1472 789 1527 832; x_wconf 91' lang='lat' dir='ltr'>suo</span> 
     </span>
     <span class='ocr_line' id='line_1_5' title="bbox 290 870 1529 953; baseline 0 -19"><span class='ocrx_word' id='word_1_34' title='bbox 290 888 392 934; x_wconf 89' lang='lat' dir='ltr'>errore</span> <span class='ocrx_word' id='word_1_35' title='bbox 416 871 553 953; x_wconf 87' lang='lat' dir='ltr'>nosipsi</span> <span class='ocrx_word' id='word_1_36' title='bbox 581 871 611 934; x_wconf 91' lang='lat' dir='ltr'>in</span> <span class='ocrx_word' id='word_1_37' title='bbox 626 875 627 879; x_wconf 77' lang='grc'>’</span> <span class='ocrx_word' id='word_1_38' title='bbox 645 890 779 936; x_wconf 91' lang='lat' dir='ltr'>errorem</span> <span class='ocrx_word' id='word_1_39' title='bbox 809 871 1004 936; x_wconf 81' lang='lat' dir='ltr'>inducamur.</span> <span class='ocrx_word' id='word_1_40' title='bbox 1035 889 1071 936; x_wconf 86' lang='lat' dir='ltr'>ac</span> <span class='ocrx_word' id='word_1_41' title='bbox 1099 871 1246 952; x_wconf 88' lang='lat' dir='ltr'>prolecto,</span> <span class='ocrx_word' id='word_1_42' title='bbox 1280 870 1307 935; x_wconf 90' lang='lat' dir='ltr'>si</span> <span class='ocrx_word' id='word_1_43' title='bbox 1337 871 1477 936; x_wconf 86' lang='lat' dir='ltr'>codicem</span> <span class='ocrx_word' id='word_1_44' title='bbox 1502 871 1529 934; x_wconf 86' lang='lat' dir='ltr'>V</span> 
     </span>
     <span class='ocr_line' id='line_1_6' title="bbox 290 973 1526 1056; baseline 0.001 -19"><span class='ocrx_word' id='word_1_45' title='bbox 290 974 425 1038; x_wconf 87' lang='lat' dir='ltr'>aeternis</span> <span class='ocrx_word' id='word_1_46' title='bbox 449 977 513 1038; x_wconf 88' lang='lat' dir='ltr'>iam</span> <span class='ocrx_word' id='word_1_47' title='bbox 536 974 672 1038; x_wconf 88' lang='lat' dir='ltr'>tenebris</span> <span class='ocrx_word' id='word_1_48' title='bbox 696 974 850 1042; x_wconf 88' lang='lat' dir='ltr'>traditum</span> <span class='ocrx_word' id='word_1_49' title='bbox 874 973 1034 1038; x_wconf 82' lang='lat' dir='ltr'>inlunem</span> <span class='ocrx_word' id='word_1_50' title='bbox 1058 976 1179 1056; x_wconf 84' lang='lat' dir='ltr'>quando</span> <span class='ocrx_word' id='word_1_51' title='bbox 1202 975 1340 1056; x_wconf 87' lang='lat' dir='ltr'>prolerre</span> <span class='ocrx_word' id='word_1_52' title='bbox 1355 993 1526 1056; x_wconf 87' lang='lat' dir='ltr'>possemus,</span> 
     </span>
     <span class='ocr_line' id='line_1_7' title="bbox 289 1077 1527 1158; baseline 0.002 -19"><span class='ocrx_word' id='word_1_53' title='bbox 289 1078 355 1140; x_wconf 91' lang='lat' dir='ltr'>sine</span> <span class='ocrx_word' id='word_1_54' title='bbox 378 1077 471 1142; x_wconf 89' lang='lat' dir='ltr'>dubio</span> <span class='ocrx_word' id='word_1_55' title='bbox 493 1077 604 1142; x_wconf 87' lang='lat' dir='ltr'>liceret</span> <span class='ocrx_word' id='word_1_56' title='bbox 626 1095 809 1158; x_wconf 81' lang='lat' dir='ltr'>cognoscere</span> <span class='ocrx_word' id='word_1_57' title='bbox 832 1079 912 1142; x_wconf 90' lang='lat' dir='ltr'>inter</span> <span class='ocrx_word' id='word_1_58' title='bbox 935 1096 994 1154; x_wconf 90' lang='lat' dir='ltr'>eas,</span> <span class='ocrx_word' id='word_1_59' title='bbox 1019 1095 1095 1158; x_wconf 88' lang='lat' dir='ltr'>quas</span> <span class='ocrx_word' id='word_1_60' title='bbox 1120 1078 1296 1158; x_wconf 81' lang='lat' dir='ltr'>congesturi</span> <span class='ocrx_word' id='word_1_61' title='bbox 1320 1095 1428 1144; x_wconf 91' lang='lat' dir='ltr'>snmus</span> <span class='ocrx_word' id='word_1_62' title='bbox 1445 1079 1527 1142; x_wconf 88' lang='lat' dir='ltr'>tam·</span> 
     </span>
     <span class='ocr_line' id='line_1_8' title="bbox 288 1179 1528 1263; baseline 0.002 -20"><span class='ocrx_word' id='word_1_63' title='bbox 288 1185 383 1260; x_wconf 88' lang='lat' dir='ltr'>quam</span> <span class='ocrx_word' id='word_1_64' title='bbox 406 1182 536 1245; x_wconf 89' lang='lat' dir='ltr'>certas</span> <span class='ocrx_word' id='word_1_65' title='bbox 558 1180 717 1262; x_wconf 89' lang='lat' dir='ltr'>lectiones,</span> <span class='ocrx_word' id='word_1_66' title='bbox 741 1182 820 1245; x_wconf 89' lang='lat' dir='ltr'>tales</span> <span class='ocrx_word' id='word_1_67' title='bbox 844 1199 919 1263; x_wconf 92' lang='lat' dir='ltr'>esse,</span> <span class='ocrx_word' id='word_1_68' title='bbox 942 1181 1050 1263; x_wconf 88' lang='lat' dir='ltr'>quales</span> <span class='ocrx_word' id='word_1_69' title='bbox 1067 1179 1163 1245; x_wconf 91' lang='lat' dir='ltr'>codici</span> <span class='ocrx_word' id='word_1_70' title='bbox 1183 1181 1207 1244; x_wconf 90' lang='lat' dir='ltr'>V</span> <span class='ocrx_word' id='word_1_71' title='bbox 1224 1199 1420 1262; x_wconf 90' lang='lat' dir='ltr'>nequaquam</span> <span class='ocrx_word' id='word_1_72' title='bbox 1437 1185 1528 1246; x_wconf 89' lang='lat' dir='ltr'>erant</span> 
     </span>
     <span class='ocr_line' id='line_1_9' title="bbox 289 1282 1526 1367; baseline 0.003 -23"><span class='ocrx_word' id='word_1_73' title='bbox 289 1282 481 1348; x_wconf 80' lang='lat' dir='ltr'>tribuendae.</span> <span class='ocrx_word' id='word_1_74' title='bbox 505 1283 563 1346; x_wconf 89' lang='lat' dir='ltr'>boc</span> <span class='ocrx_word' id='word_1_75' title='bbox 586 1283 685 1365; x_wconf 92' lang='lat' dir='ltr'>igitur</span> <span class='ocrx_word' id='word_1_76' title='bbox 700 1285 875 1365; x_wconf 88' lang='lat' dir='ltr'>perieulum</span> <span class='ocrx_word' id='word_1_77' title='bbox 892 1285 1116 1366; x_wconf 90' lang='lat' dir='ltr'>unusquisque,</span> <span class='ocrx_word' id='word_1_78' title='bbox 1134 1285 1188 1365; x_wconf 91' lang='lat' dir='ltr'>qui</span> <span class='ocrx_word' id='word_1_79' title='bbox 1204 1284 1237 1350; x_wconf 90' lang='lat' dir='ltr'>in</span> <span class='ocrx_word' id='word_1_80' title='bbox 1253 1284 1368 1350; x_wconf 90' lang='lat' dir='ltr'>codicis</span> <span class='ocrx_word' id='word_1_81' title='bbox 1384 1284 1413 1348; x_wconf 90' lang='lat' dir='ltr'>V</span> <span class='ocrx_word' id='word_1_82' title='bbox 1428 1287 1526 1367; x_wconf 90' lang='lat' dir='ltr'>scrip-</span> 
     </span>
     <span class='ocr_line' id='line_1_10' title="bbox 288 1385 1525 1469; baseline 0.002 -19"><span class='ocrx_word' id='word_1_83' title='bbox 288 1385 368 1451; x_wconf 85' lang='lat' dir='ltr'>turis</span> <span class='ocrx_word' id='word_1_84' title='bbox 391 1387 604 1452; x_wconf 81' lang='lat' dir='ltr'>examinandis</span> <span class='ocrx_word' id='word_1_85' title='bbox 627 1405 752 1469; x_wconf 86' lang='lat' dir='ltr'>operam</span> <span class='ocrx_word' id='word_1_86' title='bbox 775 1405 864 1452; x_wconf 87' lang='lat' dir='ltr'>suam</span> <span class='ocrx_word' id='word_1_87' title='bbox 884 1387 1092 1452; x_wconf 85' lang='lat' dir='ltr'>collocaturus</span> <span class='ocrx_word' id='word_1_88' title='bbox 1116 1390 1174 1462; x_wconf 88' lang='lat' dir='ltr'>est,</span> <span class='ocrx_word' id='word_1_89' title='bbox 1198 1389 1307 1452; x_wconf 88' lang='lat' dir='ltr'>subeat</span> <span class='ocrx_word' id='word_1_90' title='bbox 1325 1405 1449 1452; x_wconf 88' lang='lat' dir='ltr'>necesse</span> <span class='ocrx_word' id='word_1_91' title='bbox 1467 1392 1525 1462; x_wconf 88' lang='lat' dir='ltr'>est,</span> 
     </span>
     <span class='ocr_line' id='line_1_11' title="bbox 287 1488 1523 1571; baseline 0.002 -20"><span class='ocrx_word' id='word_1_92' title='bbox 287 1488 349 1552; x_wconf 89' lang='lat' dir='ltr'>nisi</span> <span class='ocrx_word' id='word_1_93' title='bbox 373 1489 453 1553; x_wconf 89' lang='lat' dir='ltr'>forte</span> <span class='ocrx_word' id='word_1_94' title='bbox 476 1491 537 1556; x_wconf 87' lang='lat' dir='ltr'>iarn</span> <span class='ocrx_word' id='word_1_95' title='bbox 562 1509 581 1554; x_wconf 89' lang='lat' dir='ltr'>a</span> <span class='ocrx_word' id='word_1_96' title='bbox 603 1490 712 1554; x_wconf 92' lang='lat' dir='ltr'>limine</span> <span class='ocrx_word' id='word_1_97' title='bbox 740 1489 838 1552; x_wconf 88' lang='lat' dir='ltr'>totam</span> <span class='ocrx_word' id='word_1_98' title='bbox 869 1489 956 1554; x_wconf 90' lang='lat' dir='ltr'>illam</span> <span class='ocrx_word' id='word_1_99' title='bbox 987 1489 1204 1571; x_wconf 86' lang='lat' dir='ltr'>quaestionem</span> <span class='ocrx_word' id='word_1_100' title='bbox 1231 1493 1347 1556; x_wconf 90' lang='lat' dir='ltr'>reicere</span> <span class='ocrx_word' id='word_1_101' title='bbox 1375 1490 1461 1556; x_wconf 86' lang='lat' dir='ltr'>velit.</span> <span class='ocrx_word' id='word_1_102' title='bbox 1493 1493 1523 1554; x_wconf 91' lang='lat' dir='ltr'>id</span> 
     </span>
     <span class='ocr_line' id='line_1_12' title="bbox 289 1593 1524 1676; baseline 0.001 -21"><span class='ocrx_word' id='word_1_103' title='bbox 289 1612 388 1656; x_wconf 90' lang='lat' dir='ltr'>unum</span> <span class='ocrx_word' id='word_1_104' title='bbox 411 1596 517 1657; x_wconf 87' lang='lat' dir='ltr'>autem</span> <span class='ocrx_word' id='word_1_105' title='bbox 539 1613 660 1675; x_wconf 91' lang='lat' dir='ltr'>semper</span> <span class='ocrx_word' id='word_1_106' title='bbox 682 1597 714 1658; x_wconf 91' lang='lat' dir='ltr'>et</span> <span class='ocrx_word' id='word_1_107' title='bbox 736 1593 851 1675; x_wconf 92' lang='lat' dir='ltr'>ubique</span> <span class='ocrx_word' id='word_1_108' title='bbox 876 1594 1016 1675; x_wconf 89' lang='lat' dir='ltr'>spectare</span> <span class='ocrx_word' id='word_1_109' title='bbox 1040 1613 1100 1658; x_wconf 92' lang='lat' dir='ltr'>non</span> <span class='ocrx_word' id='word_1_110' title='bbox 1124 1593 1237 1658; x_wconf 91' lang='lat' dir='ltr'>inutile</span> <span class='ocrx_word' id='word_1_111' title='bbox 1261 1595 1332 1674; x_wconf 90' lang='lat' dir='ltr'>erit,</span> <span class='ocrx_word' id='word_1_112' title='bbox 1351 1594 1524 1676; x_wconf 81' lang='lat' dir='ltr'>Cruquium</span> 
     </span>
     <span class='ocr_line' id='line_1_13' title="bbox 287 1696 1527 1781; baseline 0.005 -23"><span class='ocrx_word' id='word_1_113' title='bbox 287 1696 332 1759; x_wconf 90' lang='lat' dir='ltr'>ibi</span> <span class='ocrx_word' id='word_1_114' title='bbox 365 1696 584 1761; x_wconf 88' lang='lat' dir='ltr'>tantummodo</span> <span class='ocrx_word' id='word_1_115' title='bbox 619 1700 734 1762; x_wconf 88' lang='lat' dir='ltr'>maiore</span> <span class='ocrx_word' id='word_1_116' title='bbox 768 1697 901 1778; x_wconf 88' lang='lat' dir='ltr'>quadam</span> <span class='ocrx_word' id='word_1_117' title='bbox 935 1697 994 1763; x_wconf 90' lang='lat' dir='ltr'>fide</span> <span class='ocrx_word' id='word_1_118' title='bbox 1030 1701 1160 1779; x_wconf 90' lang='lat' dir='ltr'>dignum</span> <span class='ocrx_word' id='word_1_119' title='bbox 1196 1699 1303 1764; x_wconf 89' lang='lat' dir='ltr'>haberi</span> <span class='ocrx_word' id='word_1_120' title='bbox 1335 1718 1435 1781; x_wconf 89' lang='lat' dir='ltr'>posse,</span> <span class='ocrx_word' id='word_1_121' title='bbox 1471 1701 1527 1764; x_wconf 91' lang='lat' dir='ltr'>ubi</span> 
     </span>
     <span class='ocr_line' id='line_1_14' title="bbox 288 1799 1525 1885; baseline 0.002 -22"><span class='ocrx_word' id='word_1_122' title='bbox 288 1799 532 1864; x_wconf 88' lang='lat' dir='ltr'>clarissimis</span> <span class='ocrx_word' id='word_1_123' title='bbox 556 1807 593 1864; x_wconf 89' lang='lat' dir='ltr'>et</span> <span class='ocrx_word' id='word_1_124' title='bbox 615 1800 936 1882; x_wconf 88' lang='lat' dir='ltr'>simplicissimis</span> <span class='ocrx_word' id='word_1_125' title='bbox 962 1803 1097 1868; x_wconf 85' lang='lat' dir='ltr'>verbis</span> <span class='ocrx_word' id='word_1_126' title='bbox 1121 1805 1158 1868; x_wconf 91' lang='lat' dir='ltr'>de</span> <span class='ocrx_word' id='word_1_127' title='bbox 1187 1801 1331 1868; x_wconf 90' lang='lat' dir='ltr'>codicum</span> <span class='ocrx_word' id='word_1_128' title='bbox 1361 1805 1525 1885; x_wconf 90' lang='lat' dir='ltr'>scripturis</span> 
     </span>
     <span class='ocr_line' id='line_1_15' title="bbox 286 1905 435 1985; baseline -0.013 -18"><span class='ocrx_word' id='word_1_129' title='bbox 286 1905 435 1985; x_wconf 83' lang='lat' dir='ltr'>exposuit.</span> 
     </span>
    </p>
   </div>
   <div class='ocr_carea' id='block_1_3' title="bbox 880 2232 929 2310">
    <p class='ocr_par' dir='ltr' id='par_1_3' title="bbox 880 2232 929 2310">
     <span class='ocr_line' id='line_1_16' title="bbox 880 2232 929 2310; baseline -0.02 0"><span class='ocrx_word' id='word_1_130' title='bbox 880 2232 929 2310; x_wconf 92' lang='lat' dir='ltr'>X.</span> 
     </span>
    </p>
   </div>
   <div class='ocr_carea' id='block_1_4' title="bbox 287 2419 1523 2606">
    <p class='ocr_par' dir='ltr' id='par_1_4' title="bbox 287 2419 1523 2606">
     <span class='ocr_line' id='line_1_17' title="bbox 388 2419 1522 2505; baseline 0.002 -21"><span class='ocrx_word' id='word_1_131' title='bbox 388 2419 542 2500; x_wconf 80' lang='lat' dir='ltr'>Quoniam</span> <span class='ocrx_word' id='word_1_132' title='bbox 563 2420 662 2503; x_wconf 89' lang='lat' dir='ltr'>igitur</span> <span class='ocrx_word' id='word_1_133' title='bbox 686 2421 789 2495; x_wconf 83' lang='lat' dir='ltr'>certia,</span> <span class='ocrx_word' id='word_1_134' title='bbox 816 2424 850 2486; x_wconf 89' lang='lat' dir='ltr'>ut</span> <span class='ocrx_word' id='word_1_135' title='bbox 873 2439 971 2504; x_wconf 87' lang='lat' dir='ltr'>spero,</span> <span class='ocrx_word' id='word_1_136' title='bbox 997 2421 1193 2505; x_wconf 85' lang='lat' dir='ltr'>argumentis</span> <span class='ocrx_word' id='word_1_137' title='bbox 1215 2421 1315 2486; x_wconf 84' lang='lat' dir='ltr'>innixi</span> <span class='ocrx_word' id='word_1_138' title='bbox 1331 2421 1522 2504; x_wconf 85' lang='lat' dir='ltr'>farraginem</span> 
     </span>
     <span class='ocr_line' id='line_1_18' title="bbox 287 2521 1523 2606; baseline 0.003 -20"><span class='ocrx_word' id='word_1_139' title='bbox 287 2521 496 2605; x_wconf 81' lang='lat' dir='ltr'>Cruquianam</span> <span class='ocrx_word' id='word_1_140' title='bbox 520 2525 551 2587; x_wconf 90' lang='lat' dir='ltr'>et</span> <span class='ocrx_word' id='word_1_141' title='bbox 581 2523 678 2588; x_wconf 90' lang='lat' dir='ltr'>oculis</span> <span class='ocrx_word' id='word_1_142' title='bbox 708 2525 738 2588; x_wconf 88' lang='lat' dir='ltr'>et</span> <span class='ocrx_word' id='word_1_143' title='bbox 770 2525 872 2588; x_wconf 83' lang='lat' dir='ltr'>animo</span> <span class='ocrx_word' id='word_1_144' title='bbox 901 2524 1173 2606; x_wconf 87' lang='lat' dir='ltr'>perlustravimus,</span> <span class='ocrx_word' id='word_1_145' title='bbox 1204 2525 1268 2590; x_wconf 88' lang='lat' dir='ltr'>iam</span> <span class='ocrx_word' id='word_1_146' title='bbox 1298 2525 1379 2590; x_wconf 90' lang='lat' dir='ltr'>nibil</span> <span class='ocrx_word' id='word_1_147' title='bbox 1407 2525 1523 2606; x_wconf 89' lang='lat' dir='ltr'>obstat,</span> 
     </span>
    </p>
   </div>
   <div class='ocr_carea' id='block_1_5' title="bbox 282 2626 1524 4677">
    <p class='ocr_par' dir='ltr' id='par_1_5' title="bbox 286 2626 1524 2813">
     <span class='ocr_line' id='line_1_19' title="bbox 286 2626 1524 2710; baseline 0.003 -20"><span class='ocrx_word' id='word_1_148' title='bbox 286 2627 451 2707; x_wconf 89' lang='lat' dir='ltr'>quominus</span> <span class='ocrx_word' id='word_1_149' title='bbox 475 2645 525 2690; x_wconf 87' lang='lat' dir='ltr'>eas</span> <span class='ocrx_word' id='word_1_150' title='bbox 548 2626 704 2698; x_wconf 89' lang='lat' dir='ltr'>lectiones,</span> <span class='ocrx_word' id='word_1_151' title='bbox 730 2645 806 2708; x_wconf 88' lang='lat' dir='ltr'>quas</span> <span class='ocrx_word' id='word_1_152' title='bbox 830 2627 981 2709; x_wconf 85' lang='lat' dir='ltr'>neglectis</span> <span class='ocrx_word' id='word_1_153' title='bbox 1006 2627 1058 2690; x_wconf 91' lang='lat' dir='ltr'>hic</span> <span class='ocrx_word' id='word_1_154' title='bbox 1080 2627 1147 2692; x_wconf 89' lang='lat' dir='ltr'>illie</span> <span class='ocrx_word' id='word_1_155' title='bbox 1164 2628 1349 2709; x_wconf 88' lang='lat' dir='ltr'>quibusdam</span> <span class='ocrx_word' id='word_1_156' title='bbox 1367 2629 1524 2710; x_wconf 88' lang='lat' dir='ltr'>scrupulis</span> 
     </span>
     <span class='ocr_line' id='line_1_20' title="bbox 288 2729 1446 2813; baseline -0.001 -16"><span class='ocrx_word' id='word_1_157' title='bbox 288 2729 387 2797; x_wconf 86' lang='lat' dir='ltr'>codici</span> <span class='ocrx_word' id='word_1_158' title='bbox 412 2729 616 2812; x_wconf 85' lang='lat' dir='ltr'>Vadsignare</span> <span class='ocrx_word' id='word_1_159' title='bbox 639 2748 813 2812; x_wconf 87' lang='lat' dir='ltr'>possumus,</span> <span class='ocrx_word' id='word_1_160' title='bbox 837 2729 872 2793; x_wconf 92' lang='lat' dir='ltr'>in</span> <span class='ocrx_word' id='word_1_161' title='bbox 894 2749 955 2794; x_wconf 91' lang='lat' dir='ltr'>uno</span> <span class='ocrx_word' id='word_1_162' title='bbox 979 2730 1069 2811; x_wconf 88' lang='lat' dir='ltr'>quasi</span> <span class='ocrx_word' id='word_1_163' title='bbox 1093 2735 1259 2812; x_wconf 87' lang='lat' dir='ltr'>conspectu</span> <span class='ocrx_word' id='word_1_164' title='bbox 1282 2749 1446 2813; x_wconf 89' lang='lat' dir='ltr'>ponamus.</span> 
     </span>
    </p>

    <p class='ocr_par' dir='ltr' id='par_1_6' title="bbox 282 2833 1523 4677">
     <span class='ocr_line' id='line_1_21' title="bbox 390 2833 1523 2914; baseline 0.003 -19"><span class='ocrx_word' id='word_1_165' title='bbox 390 2834 494 2914; x_wconf 84' lang='lat' dir='ltr'>Atque</span> <span class='ocrx_word' id='word_1_166' title='bbox 517 2833 599 2898; x_wconf 87' lang='lat' dir='ltr'>hanc</span> <span class='ocrx_word' id='word_1_167' title='bbox 622 2853 687 2898; x_wconf 87' lang='lat' dir='ltr'>rem</span> <span class='ocrx_word' id='word_1_168' title='bbox 712 2837 757 2898; x_wconf 86' lang='lat' dir='ltr'>ita</span> <span class='ocrx_word' id='word_1_169' title='bbox 780 2834 939 2900; x_wconf 88' lang='lat' dir='ltr'>absolvere</span> <span class='ocrx_word' id='word_1_170' title='bbox 962 2835 1040 2900; x_wconf 91' lang='lat' dir='ltr'>mibi</span> <span class='ocrx_word' id='word_1_171' title='bbox 1063 2835 1095 2898; x_wconf 89' lang='lat' dir='ltr'>in</span> <span class='ocrx_word' id='word_1_172' title='bbox 1119 2835 1223 2900; x_wconf 88' lang='lat' dir='ltr'>animo</span> <span class='ocrx_word' id='word_1_173' title='bbox 1247 2837 1304 2914; x_wconf 89' lang='lat' dir='ltr'>est,</span> <span class='ocrx_word' id='word_1_174' title='bbox 1324 2838 1360 2900; x_wconf 92' lang='lat' dir='ltr'>ut</span> <span class='ocrx_word' id='word_1_175' title='bbox 1375 2837 1523 2902; x_wconf 87' lang='lat' dir='ltr'>tabellam</span> 
     </span>
     <span class='ocr_line' id='line_1_22' title="bbox 287 2936 1521 3020; baseline 0.001 -20"><span class='ocrx_word' id='word_1_176' title='bbox 287 2953 463 3018; x_wconf 88' lang='lat' dir='ltr'>proponam,</span> <span class='ocrx_word' id='word_1_177' title='bbox 487 2938 517 3000; x_wconf 91' lang='lat' dir='ltr'>in</span> <span class='ocrx_word' id='word_1_178' title='bbox 535 2936 622 3002; x_wconf 89' lang='lat' dir='ltr'>cuius</span> <span class='ocrx_word' id='word_1_179' title='bbox 638 2940 738 3020; x_wconf 89' lang='lat' dir='ltr'>priore</span> <span class='ocrx_word' id='word_1_180' title='bbox 754 2941 843 3020; x_wconf 90' lang='lat' dir='ltr'>parte</span> <span class='ocrx_word' id='word_1_181' title='bbox 859 2937 944 3018; x_wconf 89' lang='lat' dir='ltr'>ipsas</span> <span class='ocrx_word' id='word_1_182' title='bbox 961 2937 1169 3002; x_wconf 90' lang='lat' dir='ltr'>vetustissimi</span> <span class='ocrx_word' id='word_1_183' title='bbox 1184 2937 1355 3019; x_wconf 88' lang='lat' dir='ltr'>scripturas</span> <span class='ocrx_word' id='word_1_184' title='bbox 1371 2939 1521 3015; x_wconf 84' lang='lat' dir='ltr'>adferam,</span> 
     </span>
     <span class='ocr_line' id='line_1_23' title="bbox 287 3039 1522 3124; baseline 0.003 -22"><span class='ocrx_word' id='word_1_185' title='bbox 287 3041 318 3102; x_wconf 94' lang='lat' dir='ltr'>in</span> <span class='ocrx_word' id='word_1_186' title='bbox 344 3039 441 3104; x_wconf 86' lang='lat' dir='ltr'>altera</span> <span class='ocrx_word' id='word_1_187' title='bbox 464 3058 536 3104; x_wconf 88' lang='lat' dir='ltr'>vero</span> <span class='ocrx_word' id='word_1_188' title='bbox 560 3044 648 3122; x_wconf 90' lang='lat' dir='ltr'>parte</span> <span class='ocrx_word' id='word_1_189' title='bbox 670 3043 757 3104; x_wconf 85' lang='lat' dir='ltr'>varia</span> <span class='ocrx_word' id='word_1_190' title='bbox 779 3044 892 3108; x_wconf 87' lang='lat' dir='ltr'>notabo</span> <span class='ocrx_word' id='word_1_191' title='bbox 914 3042 1042 3119; x_wconf 90' lang='lat' dir='ltr'>iudicia,</span> <span class='ocrx_word' id='word_1_192' title='bbox 1061 3061 1139 3123; x_wconf 87' lang='lat' dir='ltr'>quae</span> <span class='ocrx_word' id='word_1_193' title='bbox 1162 3042 1427 3124; x_wconf 84' lang='lat' dir='ltr'>praestantissimi</span> <span class='ocrx_word' id='word_1_194' title='bbox 1450 3061 1522 3106; x_wconf 91' lang='lat' dir='ltr'>nos-</span> 
     </span>
     <span class='ocr_line' id='line_1_24' title="bbox 287 3143 1521 3230; baseline 0.003 -24"><span class='ocrx_word' id='word_1_195' title='bbox 287 3145 410 3206; x_wconf 90' lang='lat' dir='ltr'>trorum</span> <span class='ocrx_word' id='word_1_196' title='bbox 433 3147 609 3225; x_wconf 90' lang='lat' dir='ltr'>temporum</span> <span class='ocrx_word' id='word_1_197' title='bbox 632 3143 767 3208; x_wconf 86' lang='lat' dir='ltr'>editores</span> <span class='ocrx_word' id='word_1_198' title='bbox 791 3145 828 3209; x_wconf 91' lang='lat' dir='ltr'>de</span> <span class='ocrx_word' id='word_1_199' title='bbox 852 3145 985 3230; x_wconf 89' lang='lat' dir='ltr'>singulis</span> <span class='ocrx_word' id='word_1_200' title='bbox 1009 3145 1080 3210; x_wconf 89' lang='lat' dir='ltr'>istis</span> <span class='ocrx_word' id='word_1_201' title='bbox 1103 3146 1243 3209; x_wconf 87' lang='lat' dir='ltr'>fecerunt</span> <span class='ocrx_word' id='word_1_202' title='bbox 1259 3145 1464 3230; x_wconf 76' lang='lat' dir='ltr'>lectionibus,</span> <span class='ocrx_word' id='word_1_203' title='bbox 1488 3147 1521 3210; x_wconf 90' lang='lat' dir='ltr'>in</span> 
     </span>
     <span class='ocr_line' id='line_1_25' title="bbox 285 3245 1520 3330; baseline 0.003 -20"><span class='ocrx_word' id='word_1_204' title='bbox 285 3245 487 3310; x_wconf 88' lang='lat' dir='ltr'>Sermonibns</span> <span class='ocrx_word' id='word_1_205' title='bbox 511 3250 542 3310; x_wconf 93' lang='lat' dir='ltr'>et</span> <span class='ocrx_word' id='word_1_206' title='bbox 565 3245 717 3330; x_wconf 83' lang='lat' dir='ltr'>Epistulis</span> <span class='ocrx_word' id='word_1_207' title='bbox 741 3249 836 3311; x_wconf 89' lang='lat' dir='ltr'>etiam</span> <span class='ocrx_word' id='word_1_208' title='bbox 860 3245 994 3313; x_wconf 84' lang='lat' dir='ltr'>Gothani</span> <span class='ocrx_word' id='word_1_209' title='bbox 1018 3249 1062 3314; x_wconf 88' lang='lat'>11.</span> <span class='ocrx_word' id='word_1_210' title='bbox 1085 3249 1243 3327; x_wconf 91' lang='lat' dir='ltr'>lectiones,</span> <span class='ocrx_word' id='word_1_211' title='bbox 1276 3255 1311 3312; x_wconf 90' lang='lat' dir='ltr'>ut</span> <span class='ocrx_word' id='word_1_212' title='bbox 1335 3247 1426 3314; x_wconf 87' lang='lat' dir='ltr'>facile</span> <span class='ocrx_word' id='word_1_213' title='bbox 1449 3267 1520 3314; x_wconf 89' lang='lat' dir='ltr'>con·</span> 
     </span>
     <span class='ocr_line' id='line_1_26' title="bbox 285 3348 1521 3434; baseline 0.004 -22"><span class='ocrx_word' id='word_1_214' title='bbox 285 3348 359 3414; x_wconf 90' lang='lat' dir='ltr'>ferri</span> <span class='ocrx_word' id='word_1_215' title='bbox 381 3350 512 3434; x_wconf 87' lang='lat' dir='ltr'>possint,</span> <span class='ocrx_word' id='word_1_216' title='bbox 535 3350 701 3432; x_wconf 86' lang='lat' dir='ltr'>diligenter</span> <span class='ocrx_word' id='word_1_217' title='bbox 723 3353 905 3417; x_wconf 88' lang='lat' dir='ltr'>adscribam.</span> <span class='ocrx_word' id='word_1_218' title='bbox 929 3353 987 3416; x_wconf 90' lang='lat' dir='ltr'>hoc</span> <span class='ocrx_word' id='word_1_219' title='bbox 1010 3351 1141 3434; x_wconf 91' lang='lat' dir='ltr'>denique</span> <span class='ocrx_word' id='word_1_220' title='bbox 1161 3353 1359 3432; x_wconf 89' lang='lat' dir='ltr'>potissimum</span> <span class='ocrx_word' id='word_1_221' title='bbox 1376 3355 1521 3418; x_wconf 90' lang='lat' dir='ltr'>animad-</span> 
     </span>
     <span class='ocr_line' id='line_1_27' title="bbox 284 3453 1520 3536; baseline 0.004 -20"><span class='ocrx_word' id='word_1_222' title='bbox 284 3453 469 3518; x_wconf 85' lang='lat' dir='ltr'>vertendum</span> <span class='ocrx_word' id='word_1_223' title='bbox 485 3457 540 3534; x_wconf 86' lang='lat' dir='ltr'>est,</span> <span class='ocrx_word' id='word_1_224' title='bbox 558 3474 634 3536; x_wconf 90' lang='lat' dir='ltr'>quas</span> <span class='ocrx_word' id='word_1_225' title='bbox 650 3457 799 3519; x_wconf 88' lang='lat' dir='ltr'>crassiore</span> <span class='ocrx_word' id='word_1_226' title='bbox 815 3455 915 3520; x_wconf 87' lang='lat' dir='ltr'>forma</span> <span class='ocrx_word' id='word_1_227' title='bbox 930 3456 1124 3520; x_wconf 88' lang='lat' dir='ltr'>excudendas</span> <span class='ocrx_word' id='word_1_228' title='bbox 1141 3457 1244 3520; x_wconf 85' lang='lat' dir='ltr'>curari</span> <span class='ocrx_word' id='word_1_229' title='bbox 1262 3457 1394 3532; x_wconf 88' lang='lat' dir='ltr'>litteras,</span> <span class='ocrx_word' id='word_1_230' title='bbox 1420 3458 1458 3522; x_wconf 91' lang='lat' dir='ltr'>de</span> <span class='ocrx_word' id='word_1_231' title='bbox 1475 3459 1520 3521; x_wconf 93' lang='lat' dir='ltr'>eis</span> 
     </span>
     <span class='ocr_line' id='line_1_28' title="bbox 284 3557 1521 3644; baseline 0.003 -23"><span class='ocrx_word' id='word_1_232' title='bbox 284 3557 398 3635; x_wconf 76' lang='lat' dir='ltr'>soliS,</span> <span class='ocrx_word' id='word_1_233' title='bbox 431 3561 489 3622; x_wconf 95' lang='lat' dir='ltr'>etsi</span> <span class='ocrx_word' id='word_1_234' title='bbox 513 3558 672 3623; x_wconf 88' lang='lat' dir='ltr'>lemmatis</span> <span class='ocrx_word' id='word_1_235' title='bbox 700 3559 792 3642; x_wconf 86' lang='lat' dir='ltr'>plura</span> <span class='ocrx_word' id='word_1_236' title='bbox 821 3560 1051 3638; x_wconf 89' lang='lat' dir='ltr'>contineantur,</span> <span class='ocrx_word' id='word_1_237' title='bbox 1082 3559 1254 3642; x_wconf 82' lang='lat' dir='ltr'>Oruquium</span> <span class='ocrx_word' id='word_1_238' title='bbox 1275 3559 1400 3624; x_wconf 86' lang='lat' dir='ltr'>&#39;diserte</span> <span class='ocrx_word' id='word_1_239' title='bbox 1430 3579 1521 3644; x_wconf 88' lang='lat' dir='ltr'>agere</span> 
     </span>
     <span class='ocr_line' id='line_1_29' title="bbox 285 3660 1521 3746; baseline 0.003 -22"><span class='ocrx_word' id='word_1_240' title='bbox 285 3661 429 3725; x_wconf 88' lang='lat' dir='ltr'>voluisse.</span> <span class='ocrx_word' id='word_1_241' title='bbox 452 3681 524 3726; x_wconf 88' lang='lat' dir='ltr'>nam</span> <span class='ocrx_word' id='word_1_242' title='bbox 541 3660 707 3744; x_wconf 84' lang='lat' dir='ltr'>Oruquius,</span> <span class='ocrx_word' id='word_1_243' title='bbox 731 3662 763 3726; x_wconf 91' lang='lat' dir='ltr'>id</span> <span class='ocrx_word' id='word_1_244' title='bbox 786 3662 867 3744; x_wconf 91' lang='lat' dir='ltr'>quod</span> <span class='ocrx_word' id='word_1_245' title='bbox 890 3683 984 3744; x_wconf 89' lang='lat' dir='ltr'>supra</span> <span class='ocrx_word' id='word_1_246' title='bbox 1007 3663 1080 3746; x_wconf 91' lang='lat' dir='ltr'>dixi,</span> <span class='ocrx_word' id='word_1_247' title='bbox 1104 3664 1137 3726; x_wconf 91' lang='lat' dir='ltr'>in</span> <span class='ocrx_word' id='word_1_248' title='bbox 1154 3663 1310 3728; x_wconf 88' lang='lat' dir='ltr'>codicibus</span> <span class='ocrx_word' id='word_1_249' title='bbox 1327 3664 1521 3728; x_wconf 81' lang='lat' dir='ltr'>conferendis</span> 
     </span>
     <span class='ocr_line' id='line_1_30' title="bbox 284 3766 1520 3849; baseline 0.002 -22"><span class='ocrx_word' id='word_1_250' title='bbox 284 3782 319 3827; x_wconf 89' lang='lat' dir='ltr'>ea</span> <span class='ocrx_word' id='word_1_251' title='bbox 348 3783 473 3846; x_wconf 91' lang='lat' dir='ltr'>prorsus</span> <span class='ocrx_word' id='word_1_252' title='bbox 504 3766 651 3848; x_wconf 88' lang='lat' dir='ltr'>neglexit,</span> <span class='ocrx_word' id='word_1_253' title='bbox 687 3785 764 3849; x_wconf 91' lang='lat' dir='ltr'>quae</span> <span class='ocrx_word' id='word_1_254' title='bbox 794 3767 855 3848; x_wconf 91' lang='lat' dir='ltr'>ipsi</span> <span class='ocrx_word' id='word_1_255' title='bbox 884 3766 1014 3830; x_wconf 91' lang='lat' dir='ltr'>minoris</span> <span class='ocrx_word' id='word_1_256' title='bbox 1045 3767 1197 3830; x_wconf 89' lang='lat' dir='ltr'>momenti</span> <span class='ocrx_word' id='word_1_257' title='bbox 1226 3785 1293 3829; x_wconf 92' lang='lat' dir='ltr'>esse</span> <span class='ocrx_word' id='word_1_258' title='bbox 1322 3767 1520 3832; x_wconf 88' lang='lat' dir='ltr'>videbantur.</span> 
     </span>
     <span class='ocr_line' id='line_1_31' title="bbox 286 3868 1521 3951; baseline 0.004 -22"><span class='ocrx_word' id='word_1_259' title='bbox 286 3869 464 3932; x_wconf 89' lang='lat' dir='ltr'>contexit</span> <span class='ocrx_word' id='word_1_260' title='bbox 487 3868 613 3950; x_wconf 88' lang='lat' dir='ltr'>insuper</span> <span class='ocrx_word' id='word_1_261' title='bbox 636 3869 776 3951; x_wconf 89' lang='lat' dir='ltr'>singulas</span> <span class='ocrx_word' id='word_1_262' title='bbox 800 3869 996 3950; x_wconf 89' lang='lat' dir='ltr'>singulorum</span> <span class='ocrx_word' id='word_1_263' title='bbox 1027 3869 1169 3934; x_wconf 86' lang='lat' dir='ltr'>codicum</span> <span class='ocrx_word' id='word_1_264' title='bbox 1198 3869 1370 3951; x_wconf 87' lang='lat' dir='ltr'>scripturas</span> <span class='ocrx_word' id='word_1_265' title='bbox 1400 3872 1454 3948; x_wconf 86' lang='lat' dir='ltr'>ita,</span> <span class='ocrx_word' id='word_1_266' title='bbox 1485 3875 1521 3934; x_wconf 91' lang='lat' dir='ltr'>ut</span> 
     </span>
     <span class='ocr_line' id='line_1_32' title="bbox 283 3972 1518 4056; baseline 0.003 -22"><span class='ocrx_word' id='word_1_267' title='bbox 283 3990 319 4034; x_wconf 89' lang='lat' dir='ltr'>ex</span> <span class='ocrx_word' id='word_1_268' title='bbox 343 3972 386 4036; x_wconf 93' lang='lat' dir='ltr'>eis</span> <span class='ocrx_word' id='word_1_269' title='bbox 415 3973 503 4054; x_wconf 90' lang='lat' dir='ltr'>qnasi</span> <span class='ocrx_word' id='word_1_270' title='bbox 526 3991 620 4036; x_wconf 89' lang='lat' dir='ltr'>uuam</span> <span class='ocrx_word' id='word_1_271' title='bbox 652 3973 797 4049; x_wconf 81' lang='lat' dir='ltr'>efficeret,</span> <span class='ocrx_word' id='word_1_272' title='bbox 830 3992 891 4056; x_wconf 91' lang='lat' dir='ltr'>qua</span> <span class='ocrx_word' id='word_1_273' title='bbox 919 3974 950 4038; x_wconf 94' lang='lat' dir='ltr'>in</span> <span class='ocrx_word' id='word_1_274' title='bbox 979 3992 1012 4037; x_wconf 88' lang='lat' dir='ltr'>re</span> <span class='ocrx_word' id='word_1_275' title='bbox 1041 3976 1165 4041; x_wconf 89' lang='lat' dir='ltr'>tantum</span> <span class='ocrx_word' id='word_1_276' title='bbox 1195 3974 1238 4048; x_wconf 87' lang='lat' dir='ltr'>id,</span> <span class='ocrx_word' id='word_1_277' title='bbox 1269 3973 1350 4055; x_wconf 91' lang='lat' dir='ltr'>quod</span> <span class='ocrx_word' id='word_1_278' title='bbox 1378 3993 1518 4055; x_wconf 89' lang='lat' dir='ltr'>premere</span> 
     </span>
     <span class='ocr_line' id='line_1_33' title="bbox 284 4076 1518 4160; baseline 0.003 -22"><span class='ocrx_word' id='word_1_279' title='bbox 284 4076 418 4149; x_wconf 89' lang='lat' dir='ltr'>volebat,</span> <span class='ocrx_word' id='word_1_280' title='bbox 441 4078 502 4141; x_wconf 91' lang='lat' dir='ltr'>rite</span> <span class='ocrx_word' id='word_1_281' title='bbox 525 4077 671 4158; x_wconf 90' lang='lat' dir='ltr'>respexit.</span> <span class='ocrx_word' id='word_1_282' title='bbox 697 4081 803 4159; x_wconf 87' lang='lat' dir='ltr'>itaqua</span> <span class='ocrx_word' id='word_1_283' title='bbox 826 4097 887 4142; x_wconf 88' lang='lat' dir='ltr'>non</span> <span class='ocrx_word' id='word_1_284' title='bbox 911 4082 1036 4142; x_wconf 86' lang='lat' dir='ltr'>tantum</span> <span class='ocrx_word' id='word_1_285' title='bbox 1060 4079 1182 4160; x_wconf 83' lang='lat' dir='ltr'>integra</span> <span class='ocrx_word' id='word_1_286' title='bbox 1205 4096 1242 4142; x_wconf 86' lang='lat' dir='ltr'>en</span> <span class='ocrx_word' id='word_1_287' title='bbox 1263 4097 1329 4158; x_wconf 86' lang='lat' dir='ltr'>vox,</span> <span class='ocrx_word' id='word_1_288' title='bbox 1354 4079 1391 4142; x_wconf 90' lang='lat' dir='ltr'>de</span> <span class='ocrx_word' id='word_1_289' title='bbox 1408 4098 1469 4159; x_wconf 88' lang='lat' dir='ltr'>qua</span> <span class='ocrx_word' id='word_1_290' title='bbox 1484 4079 1518 4142; x_wconf 88' lang='lat' dir='ltr'>in</span> 
     </span>
     <span class='ocr_line' id='line_1_34' title="bbox 282 4180 1518 4264; baseline 0 -20"><span class='ocrx_word' id='word_1_291' title='bbox 282 4181 462 4246; x_wconf 87' lang='lat' dir='ltr'>universum</span> <span class='ocrx_word' id='word_1_292' title='bbox 479 4199 570 4262; x_wconf 90' lang='lat' dir='ltr'>agere</span> <span class='ocrx_word' id='word_1_293' title='bbox 588 4181 698 4262; x_wconf 88' lang='lat' dir='ltr'>voluit,</span> <span class='ocrx_word' id='word_1_294' title='bbox 715 4201 751 4246; x_wconf 85' lang='lat' dir='ltr'>ex</span> <span class='ocrx_word' id='word_1_295' title='bbox 767 4181 987 4263; x_wconf 89' lang='lat' dir='ltr'>compluribus,</span> <span class='ocrx_word' id='word_1_296' title='bbox 1005 4183 1130 4264; x_wconf 87' lang='lat' dir='ltr'>quaein</span> <span class='ocrx_word' id='word_1_297' title='bbox 1154 4183 1302 4246; x_wconf 89' lang='lat' dir='ltr'>lemmate</span> <span class='ocrx_word' id='word_1_298' title='bbox 1324 4180 1518 4257; x_wconf 86' lang='lat' dir='ltr'>adferuntur,</span> 
     </span>
     <span class='ocr_line' id='line_1_35' title="bbox 283 4283 1520 4367; baseline 0.001 -21"><span class='ocrx_word' id='word_1_299' title='bbox 283 4283 386 4348; x_wconf 86' lang='lat' dir='ltr'>verbis</span> <span class='ocrx_word' id='word_1_300' title='bbox 409 4303 471 4348; x_wconf 90' lang='lat' dir='ltr'>una</span> <span class='ocrx_word' id='word_1_301' title='bbox 494 4286 524 4347; x_wconf 92' lang='lat' dir='ltr'>et</span> <span class='ocrx_word' id='word_1_302' title='bbox 547 4286 613 4348; x_wconf 91' lang='lat' dir='ltr'>sola</span> <span class='ocrx_word' id='word_1_303' title='bbox 635 4285 667 4348; x_wconf 89' lang='lat' dir='ltr'>in</span> <span class='ocrx_word' id='word_1_304' title='bbox 691 4284 794 4350; x_wconf 89' lang='lat' dir='ltr'>lucem</span> <span class='ocrx_word' id='word_1_305' title='bbox 818 4285 1019 4365; x_wconf 88' lang='lat' dir='ltr'>protrahetur</span> <span class='ocrx_word' id='word_1_306' title='bbox 1043 4303 1168 4349; x_wconf 89' lang='lat' dir='ltr'>necesse</span> <span class='ocrx_word' id='word_1_307' title='bbox 1186 4288 1243 4367; x_wconf 89' lang='lat' dir='ltr'>est,</span> <span class='ocrx_word' id='word_1_308' title='bbox 1260 4285 1313 4348; x_wconf 94' lang='lat' dir='ltr'>sed</span> <span class='ocrx_word' id='word_1_309' title='bbox 1329 4284 1363 4348; x_wconf 92' lang='lat' dir='ltr'>in</span> <span class='ocrx_word' id='word_1_310' title='bbox 1379 4284 1437 4349; x_wconf 87' lang='lat' dir='ltr'>bac</span> <span class='ocrx_word' id='word_1_311' title='bbox 1451 4284 1520 4366; x_wconf 90' lang='lat' dir='ltr'>ipsa</span> 
     </span>
     <span class='ocr_line' id='line_1_36' title="bbox 282 4388 1518 4470; baseline 0 -20"><span class='ocrx_word' id='word_1_312' title='bbox 282 4404 357 4451; x_wconf 87' lang='lat' dir='ltr'>voce</span> <span class='ocrx_word' id='word_1_313' title='bbox 380 4406 440 4452; x_wconf 91' lang='lat' dir='ltr'>non</span> <span class='ocrx_word' id='word_1_314' title='bbox 464 4405 532 4452; x_wconf 91' lang='lat' dir='ltr'>raro</span> <span class='ocrx_word' id='word_1_315' title='bbox 557 4407 622 4452; x_wconf 87' lang='lat' dir='ltr'>ene</span> <span class='ocrx_word' id='word_1_316' title='bbox 653 4389 810 4454; x_wconf 90' lang='lat' dir='ltr'>tantum</span> <span class='ocrx_word' id='word_1_317' title='bbox 841 4388 1010 4452; x_wconf 90' lang='lat' dir='ltr'>litterae</span> <span class='ocrx_word' id='word_1_318' title='bbox 1040 4389 1165 4470; x_wconf 84' lang='lat' dir='ltr'>respici·</span> <span class='ocrx_word' id='word_1_319' title='bbox 1183 4389 1308 4463; x_wconf 88' lang='lat' dir='ltr'>debent,</span> <span class='ocrx_word' id='word_1_320' title='bbox 1338 4389 1375 4452; x_wconf 95' lang='lat' dir='ltr'>de</span> <span class='ocrx_word' id='word_1_321' title='bbox 1406 4389 1518 4470; x_wconf 90' lang='lat' dir='ltr'>quibus</span> 
     </span>
     <span class='ocr_line' id='line_1_37' title="bbox 284 4489 1518 4572; baseline 0.001 -18"><span class='ocrx_word' id='word_1_322' title='bbox 284 4490 408 4554; x_wconf 90' lang='lat' dir='ltr'>disertis</span> <span class='ocrx_word' id='word_1_323' title='bbox 431 4489 534 4556; x_wconf 87' lang='lat' dir='ltr'>verbis</span> <span class='ocrx_word' id='word_1_324' title='bbox 557 4492 589 4555; x_wconf 92' lang='lat' dir='ltr'>in</span> <span class='ocrx_word' id='word_1_325' title='bbox 613 4490 813 4554; x_wconf 87' lang='lat' dir='ltr'>adnotatione</span> <span class='ocrx_word' id='word_1_326' title='bbox 838 4491 1010 4572; x_wconf 90' lang='lat' dir='ltr'>exponitur.</span> <span class='ocrx_word' id='word_1_327' title='bbox 1035 4492 1089 4554; x_wconf 92' lang='lat' dir='ltr'>sed</span> <span class='ocrx_word' id='word_1_328' title='bbox 1112 4511 1150 4554; x_wconf 89' lang='lat' dir='ltr'>ne</span> <span class='ocrx_word' id='word_1_329' title='bbox 1174 4493 1331 4556; x_wconf 89' lang='lat' dir='ltr'>obscurior</span> <span class='ocrx_word' id='word_1_330' title='bbox 1354 4494 1424 4568; x_wconf 91' lang='lat' dir='ltr'>sim,</span> <span class='ocrx_word' id='word_1_331' title='bbox 1454 4492 1518 4556; x_wconf 91' lang='lat' dir='ltr'>iam</span> 
     </span>
     <span class='ocr_line' id='line_1_38' title="bbox 282 4593 1340 4677; baseline 0 -19"><span class='ocrx_word' id='word_1_332' title='bbox 282 4613 379 4658; x_wconf 90' lang='lat' dir='ltr'>unum</span> <span class='ocrx_word' id='word_1_333' title='bbox 403 4595 576 4658; x_wconf 86' lang='lat' dir='ltr'>alterumve</span> <span class='ocrx_word' id='word_1_334' title='bbox 601 4594 667 4658; x_wconf 90' lang='lat' dir='ltr'>eius</span> <span class='ocrx_word' id='word_1_335' title='bbox 690 4596 734 4658; x_wconf 90' lang='lat' dir='ltr'>rei</span> <span class='ocrx_word' id='word_1_336' title='bbox 757 4593 914 4675; x_wconf 83' lang='lat' dir='ltr'>proferam</span> <span class='ocrx_word' id='word_1_337' title='bbox 938 4595 1133 4677; x_wconf 76' lang='lat' dir='ltr'>exemplum,</span> <span class='ocrx_word' id='word_1_338' title='bbox 1157 4593 1188 4659; x_wconf 81' lang='lat'>0.</span> <span class='ocrx_word' id='word_1_339' title='bbox 1213 4594 1228 4656; x_wconf 94' lang='lat' dir='ltr'>l</span> <span class='ocrx_word' id='word_1_340' title='bbox 1251 4596 1280 4673; x_wconf 77' lang='lat' dir='ltr'>l,</span> <span class='ocrx_word' id='word_1_341' title='bbox 1305 4594 1340 4674; x_wconf 80' lang='lat' dir='ltr'>l:</span> 
     </span>
    </p>
   </div>
   <div class='ocr_carea' id='block_1_6' title="bbox 0 0 1706 5212">
    <p class='ocr_par' dir='ltr' id='par_1_7' title="bbox 0 0 1706 5212">
     <span class='ocr_line' id='line_1_39' title="bbox 0 0 1706 5212; baseline 0 3"><span class='ocrx_word' id='word_1_342' title='bbox 0 0 1706 5212; x_wconf 95' lang='lat' dir='ltr'> </span> 
     </span>
    </p>
   </div>
  </div>
 </body>
</html>
