3404 5212
688 376 901 440 „21-

171 563 357 630 Blandinius
381 565 507 646 quidam
530 565 703 642 defecisset,
727 566 797 630 tum
820 565 888 630 sine
904 565 999 630 dubio
1015 563 1170 646 Ornqnius
1186 564 1311 629 disertis
1334 581 1411 632 111·

172 669 220 733 bis
243 667 323 734 hanc
346 688 411 732 reru
435 667 597 734 nobiscum
622 669 895 746 communicasset,
919 667 1107 750 profudisset
1130 685 1197 740 seso
1220 668 1252 732 in
1276 670 1412 748 questus

171 769 301 848 flebiles,
326 772 408 852 qnod
432 791 511 836 unus
535 791 570 836 11
592 772 643 850 iis,
667 790 744 854 quos
767 774 858 838 modo
875 766 1113 853 ‘consequutus’
1140 772 1230 848 esset,
1255 770 1411 838 codicibus

165 871 259 938 ‘bene
283 871 432 939 vetrrstis'
458 876 492 938 in
514 874 573 940 boo
596 877 661 957 ipso
685 876 808 940 deesset
829 873 1013 940 carminum
1037 874 1127 948 libro,
1157 891 1249 955 quem
1273 872 1412 955 primum
1438 899 1443 910 ·

171 976 357 1060 posthabitis
386 976 488 1044 tribus
517 977 586 1042 aliis
622 996 658 1042 ex
682 977 785 1042 solis
809 977 984 1042 Blandiniis
1007 994 1172 1060 repurgare
1196 975 1301 1040 vellet.
1331 993 1411 1057 quae

169 1099 243 1146 cum
277 1081 322 1145 ita
355 1085 468 1156 essent,
503 1085 585 1146 recto
619 1083 798 1146 statuerunt
831 1080 981 1146 Muetnell
1016 1082 1050 1162 (l.
1084 1099 1111 1145 o.
1135 1100 1164 1162 p.
1195 1079 1259 1146 876
1281 1080 1341 1161 sq.)
1379 1080 1412 1142 11

170 1183 404 1266 Zangemeister
437 1184 470 1265 (l.
504 1201 530 1250 c
566 1203 596 1266 p.
633 1183 721 1268 326.)
764 1183 797 1248 in
842 1186 953 1266 quarto
986 1183 1166 1252 Garminum
1201 1184 1279 1248 libro
1313 1199 1412 1263 neque

173 1285 337 1352 Blandinii
360 1287 522 1352 cuiusdam
546 1287 688 1354 lacunam
713 1288 812 1352 statui
835 1305 925 1368 posse
948 1306 1049 1369 neque
1070 1287 1164 1354 licere
1187 1285 1286 1354 codici
1313 1283 1410 1349 Vin·

172 1408 295 1472 ponere,
319 1389 402 1472 quod
420 1385 549 1454 ‘tribus'
575 1391 700 1454 tanturn
723 1390 901 1462 Blandiniis
925 1390 1065 1458 adtribui
1087 1390 1199 1473 possit.
1262 1451 1266 1458 .

768 1577 820 1660 V.

279 1747 388 1829 Itaque
410 1747 475 1813 iam
497 1747 655 1829 inproviso
680 1747 743 1814 fere
765 1749 799 1814 in
822 1748 957 1814 mediam
977 1767 1044 1813 eam
1061 1747 1156 1813 incidi
1185 1748 1410 1832 quaestionem,

174 1868 270 1932 quam
295 1868 378 1916 nunc
401 1850 478 1915 mibi
505 1851 702 1916 tractandam
731 1851 888 1935 proposui.
916 1850 1090 1934 cruquium
1120 1849 1203 1926 enim
1232 1855 1299 1915 tam
1327 1851 1413 1916 vario

177 1953 269 2017 modo
292 1971 389 2035 neque
411 1971 480 2018 raro
509 1953 576 2018 tam
606 1955 733 2020 incertis
763 1954 869 2020 verbis
899 1955 1039 2020 codicum
1068 1953 1217 2020 lectiones
1245 1953 1413 2036 protulisse

174 2060 284 2119 notum
319 2061 381 2132 est,
416 2059 452 2121 ut
486 2075 639 2138 quaenam
674 2058 799 2122 tandem
835 2058 1009 2141 scripturae
1038 2059 1121 2122 reete
1150 2075 1284 2140 vereque
1314 2056 1412 2122 codici

176 2157 204 2220 V
227 2158 384 2242 adsignari
406 2160 537 2241 possint,
560 2177 709 2244 persaepe
737 2159 818 2225 effici
847 2164 989 2244 nequeat.
1018 2179 1079 2244 qua
1108 2161 1145 2225 de
1180 2179 1273 2226 causa
1307 2159 1413 2225 nullus

173 2259 293 2337 dubito,
318 2261 394 2343 quin
417 2263 480 2326 iam
504 2261 615 2327 Hoebn
639 2265 671 2326 in
696 2263 914 2330 dissertatione
936 2283 993 2330 sua
1016 2265 1135 2330 rectam
1157 2264 1241 2331 viem
1256 2267 1413 2350 ingressus

172 2365 217 2428 sit
240 2383 286 2444 11,
311 2365 391 2446 quod
407 2361 537 2446 Gruquii
561 2368 654 2431 verba
677 2367 843 2451 diligenter
865 2367 1035 2452 ponderare
1058 2369 1089 2432 et
1111 2388 1147 2432 11
1163 2368 1285 2450 ingenti
1301 2367 1412 2433 lectio·

172 2487 249 2534 num
271 2466 519 2550 Cruquianamm
552 2468 647 2534 turba
670 2483 721 2535 eas
753 2489 917 2556 segregare
946 2473 1079 2555 studuit,
1108 2489 1188 2554 quae
1215 2473 1307 2554 plane
1337 2473 1413 2536 sunt

171 2573 320 2637 obscurae
344 2575 375 2635 et
398 2572 543 2637 incertae.
570 2574 663 2657 atque
687 2575 809 2640 utinam
833 2576 964 2640 tandem
986 2594 1092 2642 omnes
1117 2575 1197 2640 hanc
1218 2575 1320 2658 legem
1349 2573 1415 2639 sibi

172 2675 318 2756 inponere
340 2675 447 2752 velint,
482 2677 520 2739 nt
541 2675 580 2740 ab
605 2677 697 2760 nugis
720 2677 914 2760 proferendis
937 2678 1063 2744 omnino
1086 2679 1266 2745 abstineant
1289 2679 1322 2744 et
1337 2697 1411 2762 pro·

173 2778 291 2844 babille
324 2780 450 2844 tanturn
485 2782 656 2860 sequantur
689 2799 788 2862 neque
821 2783 906 2848 ultra
940 2783 973 2847 id
1005 2782 1150 2867 progredi
1185 2781 1293 2859 velint,
1328 2781 1411 2865 quod

173 2883 239 2946 veri
263 2881 369 2946 simile
390 2881 489 2964 possit
513 2881 633 2946 haberi.
660 2885 712 2947 sed
736 2883 798 2948 iam
821 2903 914 2967 supra
936 2883 1000 2950 dixi
1022 2904 1072 2950 me
1094 2885 1126 2949 in
1151 2885 1208 2950 hac
1230 2903 1351 2968 quoqne
1380 2905 1413 2950 re

175 2987 213 3050 de
238 2985 314 3050 locis
336 2984 535 3068 quibusdam,
565 2986 618 3066 qni
641 3003 838 3068 nequaqnam
868 2987 993 3052 levioris
1025 2989 1099 3051 sunt
1129 2988 1293 3066 momenti,
1322 2990 1413 3072 longe

174 3089 267 3154 aliter
290 3087 384 3170 quam
407 3087 586 3153 Hoehnium
610 3089 748 3172 aliosque
771 3083 917 3154 iudicare.
943 3107 1037 3172 quam
1060 3089 1099 3154 ob
1122 3107 1199 3166 rem,
1230 3110 1268 3154 ne
1292 3089 1412 3174 longior

173 3194 244 3270 sim,
274 3191 412 3273 primum
442 3191 627 3256 brevissime
655 3211 691 3257 ea
726 3193 923 3275 complectar,
960 3191 993 3254 in
1020 3190 1133 3273 quibus
1161 3191 1210 3256 illi
1239 3192 1408 3272 adsentior,

171 3295 285 3362 deinde
309 3297 415 3360 autem
438 3294 476 3358 de
499 3295 554 3366 eis.
584 3313 663 3378 quae
690 3299 747 3361 aut
777 3297 880 3360 minus
910 3301 994 3360 recte
1023 3295 1172 3361 statuisse
1198 3297 1256 3360 eut
1284 3299 1412 3361 omnino

161 3387 344 3482 'neglexisse
367 3398 501 3475 videtur,
525 3399 626 3463 fusius
649 3399 850 3483 disputabo.

276 3501 371 3566 Recte
404 3501 503 3584 igitur
526 3501 635 3566 Hoebn
658 3521 688 3584 p.
713 3503 732 3568 8
756 3521 823 3586 sqq.
847 3519 952 3566 eorum
976 3500 1083 3565 reiecit
1112 3499 1255 3577 fabellas,
1284 3501 1348 3583 qui,
1377 3502 1413 3565 nt

172 3624 272 3669 unum
287 3608 415 3669 tantum
430 3603 625 3686 proferamus
641 3605 827 3689 exemplum,
843 3603 1012 3669 falsissime
1039 3603 1229 3668 dictitabant
1241 3601 1411 3686 Gruquium

173 3726 329 3790 nusquam
352 3707 444 3772 unius
461 3705 625 3772 Blandinii
648 3707 808 3772 rettulisse
831 3707 1026 3788 scripturam,
1051 3705 1111 3770 nisi
1134 3707 1188 3771 1111
1210 3709 1292 3771 11111
1307 3709 1412 3772 11111-

172 3811 316 3875 tissimus
328 3811 378 3890 ¹⁶).
403 3811 470 3875 sine
486 3811 581 3876 dnbio
604 3811 687 3875 enim
704 3809 857 3892 Oruquius
873 3811 991 3874 verbis:
1011 3807 1071 3874 ‘sio
1086 3810 1180 3874 habet
1192 3829 1273 3874 unus
1286 3807 1409 3876 ‘Bland.’

156 3899 261 3980 ⁴nullo
284 3905 374 3996 pacto
397 3912 482 3977 idem
505 3912 682 3996 significare
705 3913 841 3978 voluisse
864 3913 1023 3996 putandus
1039 3917 1097 3990 est,
1122 3913 1203 3998 quod
1221 3911 1411 3996 significavit

174 4017 293 4082 vorbis:
311 4014 373 4080 ‘sic
395 4016 491 4081 babet
514 4018 581 4082 cod.
607 4017 717 4082 Bland.
743 4009 925 4096 vetustiss.';
949 4015 1119 4099 multisque
1143 4015 1220 4081 loeis
1242 4017 1326 4081 certo
1343 4035 1410 4081 cer·

170 4119 237 4185 1111
260 4117 299 4182 fit
320 4137 377 4202 per
399 4117 494 4184 verba
518 4116 612 4184 'unus
635 4115 754 4185 Brund!
782 4137 842 4184 non
871 4118 1136 4204 antiquissimum,
1168 4117 1343 4184 sedunum
1376 4139 1410 4190 ex

173 4223 304 4306 reliquis
326 4223 428 4287 tribus
451 4223 630 4288 Blandiniis
653 4223 900 4306 intellegendum
924 4242 998 4288 esse.
1024 4228 1165 4289 attamen
1187 4225 1272 4288 idem
1295 4221 1407 4288 Hoebn

175 4345 212 4392 er
233 4326 342 4409 paucis
366 4326 432 4390 eius
456 4326 538 4390 modi
561 4325 647 4404 locis,
670 4326 724 4391 ubi
742 4343 803 4390 non
818 4326 910 4391 modo
925 4325 1017 4391 nnius
1033 4325 1193 4391 Blandinii
1210 4325 1409 4408 scripturam,

172 4432 227 4494 sed
261 4431 359 4494 etiarn
392 4429 525 4494 alteram
556 4427 711 4512 quandam
741 4429 908 4494 lectionem
941 4432 996 4493 aut
1024 4428 1057 4493 in
1087 4427 1201 4495 ceteris
1232 4427 1410 4494 Blandiniis

279 4600 361 4670 15)11.
381 4598 573 4656 Hirschfelder.
591 4615 618 4668 p.
637 4604 679 4654 ft.
697 4601 726 4654 11
744 4599 850 4654 Mones.
870 4600 909 4654 Do
928 4598 985 4654 cod.
1002 4598 1068 4654 Hor.
1086 4615 1112 4668 p.
1131 4604 1173 4656 do.
