3404 5212
710 373 920 436 ..57-

196 565 249 646 qui
273 564 415 629 dubitare
439 563 539 629 velit?
562 563 668 646 itaque
691 581 727 628 er
749 563 850 640 rebus,
887 581 964 646 6636
995 580 1154 641 voramus,
1185 565 1435 650 orthographicis

195 686 295 750 neque
318 668 356 731 de
378 667 496 732 virtute
530 687 628 750 66666
651 669 690 733 de
712 669 813 733 aetate
837 667 951 734 oodiois
975 667 1004 732 V
1027 667 1196 749 quidquam
1227 671 1303 736 certi
1334 675 1434 752 potest

196 771 349 836 ooneludi.

297 875 411 958 liquet
433 875 529 941 etiam
560 874 703 940 tabulam
733 876 771 941 ab
801 875 945 940 Hoehuio
975 896 1005 958 p.
1028 876 1081 940 51.
1112 878 1322 960 propositam„
1338 876 1433 945 ‘unde

196 997 258 1042 non
287 980 369 1044 inter
397 983 522 1057 ternas,
554 981 592 1043 ut·
619 979 754 1044 voluerit
782 978 908 1056 Keller,
931 982 983 1044 sed
1007 978 1089 1044 inter
1111 981 1254 1061 septenas
1276 981 1333 1063 (al)
1368 982 1432 1048 1616

196 1100 291 1147 66361
325 1082 441 1148 falsam
476 1086 582 1148 extare
616 1083 731 1148 oodiois
761 1083 789 1146 V
819 1080 998 1149 leotionem'
1035 1083 1209 1168 6111613161,
1234 1104 1431 1169 6666366361

195 1186 373 1268 argumenti
396 1186 464 1252 looo
488 1186 620 1269 proferri
642 1205 733 1269 posse
755 1185 794 1251 ad
824 1187 1098 1252 demonstrandam
1128 1189 1201 1254 libri
1231 1189 1319 1254 illius
1350 1191 1430 1254 inte-

196 1290 347 1371 gritatem
372 1291 466 1372 atque
489 1290 652 1356 virtutem.
687 1310 760 1355 nam
782 1289 979 1372 6101666166
999 1309 1148 1374 omnes,
1164 1311 1243 1375 quae
1259 1294 1430 1375 evulgatis

195 1394 405 1474 discedebant,
429 1381 577 1460 leotionos
600 1395 769 1477 diligenter
791 1395 967 1474 adtulisset,
983 1397 1051 1460 tum
1068 1398 1152 1461 eerte
1168 1397 1229 1462 alia
1243 1397 1324 1462 ratio
1339 1399 1431 1480 atque

194 1498 334 1563 eondioio
357 1499 439 1564 inter
461 1517 550 1564 veras
573 1504 605 1564 et
629 1499 725 1565 falsas
748 1499 898 1564 lectiones
922 1504 1002 1564 66661
1026 1502 1201 1566 statuenda.

298 1601 382 1682 Quae
405 1621 476 1667 oum
499 1603 546 1668 ita
568 1605 640 1683 sint,
667 1603 836 1682 videamus,
860 1624 936 1669 num
960 1606 1038 1670 liber
1061 1605 1248 1670 Blandinius
1272 1608 1339 1689 ipsa
1369 1608 1430 1672 leo·

194 1705 317 1770 tionum
340 1724 469 1771 suarum
492 1708 630 1772 indole
651 1709 762 1773 esteris
786 1709 911 1773 Horatii
942 1709 1100 1774 oodioibus
1130 1709 1271 1774 excellat.
1306 1728 1368 1792 qna
1397 1710 1430 1776 in

173 1811 376 1892 6636611666
399 1812 593 1878 instituenda
623 1811 762 1895 6616666,
794 1813 910 1896 opinor,
943 1815 1088 1878 consedet
1111 1813 1337 1911 neglegendam
1362 1833 1429 1878 esse

192 1916 387 1998 scripturam,
419 1915 520 1998 qualis
549 1917 666 1999 legitur
694 1917 733 1982 ad
762 1915 872 1984 sao.1
903 1917 932 1996 3,
960 1918 1035 1982 131:
1066 1914 1252 1998 ‘clausaque
1282 1916 1426 1984 16713136.

191 2018 324 2094 ustrina,
356 2018 449 2084 habet
479 2023 573 2086 ooder
603 2021 766 2103 antiquiss.
799 2018 921 2086 Bland'
958 2039 1032 2086 nam
1062 2021 1155 2086 leutio
1180 2017 1328 2086 ‘ustrina'
1361 2023 1430 2086 orta

192 2141 259 2188 esse
294 2123 417 2190 videtur
451 2126 653 2209 neglegentia
687 2124 825 2209 Oruqnii,
860 2127 913 2208 qni
950 2127 983 2191 in
1021 2125 1221 2192 disoemonda
1258 2125 1361 2208 prima
1397 2129 1430 2190 et

191 2228 363 2292 seeunda
392 2245 499 2310 manu,
534 2228 566 2294 id
596 2233 678 2312 quod
708 2247 803 2312 supra
832 2232 968 2312 exposui,
1004 2247 1115 2312 parum
1146 2235 1291 2296 aoeurate
1321 2249 1427 2295 66163-

191 2329 353 2415 batur³⁸);
383 2331 421 2395 ol.
452 2330 515 2396 Sat.
545 2333 614 2407 16,
645 2333 707 2412 63,
738 2333 792 2398 ubi
816 2333 878 2399 iam
903 2336 1025 2400 Bentlei
1055 2334 1131 2399 haec
1160 2335 1297 2400 notavit:
1334 2332 1428 2399 ‘Sane

191 2435 240 2500 vir
263 2437 377 2517 probus
402 2437 525 2503 videtur
541 2438 635 2503 inisse
651 2437 822 2521 Gruquius;
848 2459 948 2522 nequo
964 2441 1081 2505 temero
1098 2439 1173 2506 fides
1189 2440 1217 2504 oi
1233 2439 1426 2504 detrahenda

190 2540 254 2604 est:
276 2540 329 2604 sed
351 2559 468 2618 vereor,
492 2561 531 2607 ne
555 2561 618 2607 nou
640 2541 736 2608 fuerit
759 2563 777 2608 3
800 2543 902 2627 prima
924 2543 1087 2626 scriptoris
1112 2562 1206 2607 manu
1230 2544 1350 2622 13666,
1374 2542 1427 2607 sed

189 2661 210 2708 3
232 2643 404 2708 oorreotore
426 2643 668 2728 interpolatum:
692 2664 754 2727 663
776 2645 810 2710 16
832 2665 876 2724 16,
893 2665 972 2729 quae
988 2647 1115 2712 maximi
1132 2646 1259 2728 quidem
1275 2646 1427 2710 momenti

189 2748 249 2825 est,
274 2749 404 2814 subinde
429 2752 606 2816 annotanda
629 2750 762 2816 nimium
785 2751 842 2815 1116
865 2771 990 2818 6666166
1017 2755 1048 2817 61
1077 2751 1244 2834 indiligens
1274 2748 1359 2816 erat'
1384 2769 1448 2798 -—·

190 2854 358 2936 scripturas
381 2858 502 2919 autem:
522 2851 649 2930 ‘habili'
668 2854 715 2938 (G.
738 2855 786 2920 III
812 2858 861 2933 19,
886 2857 961 2941 24),
979 2852 1142 2940 ‘purpura'
1163 2855 1271 2938 (Epod.
1295 2855 1325 2936 2,
1348 2855 1426 2939 23),
1467 2864 1469 2867 ’

182 2953 354 3022 ‘Futidius'
385 2957 464 3041 (Sat.
486 2957 503 3021 Ι
525 2957 555 3034 2,
582 2959 658 3040 13),
677 2955 764 3041 ‘quo’
800 2960 878 3044 (Sat.
901 2961 933 3024 ΙΙ
964 2961 993 3040 8,
1017 2959 1095 3042 53),
1119 2956 1293 3025 ‘Clusinos'
1322 2960 1425 3042 (lth

191 3062 240 3143 15,
257 3063 300 3146 9.)
319 3061 457 3144 31136666
480 3065 516 3128 61
539 3081 640 3126 616166
663 3081 780 3128 6116166
803 3063 940 3142 librario,
964 3067 1017 3147 661
1033 3063 1170 3130 oodioem
1189 3063 1215 3130 V
1231 3065 1424 3146 oonsoripsit,

190 3170 409 3242 condonemus,
442 3167 555 3250 quippe
578 3167 660 3248 quod
684 3185 837 3250 nusquam
860 3168 1016 3233 terrarum
1039 3167 1210 3250 reperiatur
1239 3170 1343 3247 eodelr,
1373 3170 1425 3252 qui

188 3271 362 3346 eiusmodi
386 3271 473 3336 vitiis
495 3289 622 3355 prorsus
645 3273 762 3360 631631.

292 3375 456 3456 Quaerere
469 3377 550 3441 uerte
561 3377 716 3460 genuinae
730 3375 890 3441 habendae
903 3381 978 3442 6661
990 3375 1149 3455 lectiones,
1162 3377 1220 3442 bae
1232 3377 1321 3442 sunt:
1334 3375 1423 3442 Satl

133 3491 141 3504 '
187 3482 217 3559 6,
237 3480 306 3546 126.
318 3477 418 3564 ‘fugio
442 3499 588 3564 eampum
604 3481 768 3564 lusumque
784 3477 962 3565 trigonam,
979 3480 1054 3545 ibid.
1071 3481 1103 3544 II
1120 3483 1150 3558 3,
1167 3480 1239 3545 313.
1258 3477 1422 3557 Γ1361661,

187 3584 434 3667 np.116,43.
461 3583 523 3649 ‘res
546 3583 716 3666 sponsore',
751 3586 828 3669 ibid.
851 3585 885 3650 ΙΙ
908 3577 937 3664 3,
962 3586 1033 3650 237.
1068 3579 1138 3649 ‘et'.
1170 3585 1289 3650 adicere
1317 3603 1424 3668 possu-

186 3707 257 3755 mus
281 3707 330 3754 eas
353 3689 510 3772 lectiones,
534 3707 623 3774 quae,
646 3691 704 3754 etsi
727 3707 788 3756 non
812 3689 1018 3756 exhibeantur
1047 3689 1079 3754 iu
1110 3687 1174 3754 solo
1206 3689 1309 3754 oodiee
1341 3688 1423 3754 anti·

187 3794 338 3880 quiesimo
362 3797 454 3877 atque
477 3793 675 3876 pauoissimis
699 3797 824 3877 insuper
848 3794 948 3871 libris,
972 3795 1078 3859 tamen
1101 3795 1133 3858 in·
1155 3795 1275 3858 minore
1297 3794 1422 3857 tantum

186 3903 362 3966 nostrornm
392 3897 532 3964 oodionm
562 3904 649 3982 parto
679 3900 826 3982 leguntur
849 3898 914 3964 Sat.
938 3898 954 3961 Ι
985 3898 1013 3980 7,
1041 3898 1088 3962 17.
1108 3893 1265 3979 ‘pigrior',
1290 3896 1365 3961 ibid.
1388 3896 1422 3960 Il

186 4004 216 4083 3,
240 4003 314 4070 317.
336 3996 502 4088 ‘tantum'‚
528 4001 584 4084 llp.
607 4003 623 4066 Ι
648 4003 697 4086 10,
722 4003 751 4068 3.
774 3993 845 4068 ‘at’.
876 4003 1009 4067 16113666
1040 4001 1135 4067 etiam
1158 4001 1214 4084 Ep.
1240 4001 1273 4065 II
1297 4002 1325 4080 1,
1352 4001 1421 4067 168.

184 4107 285 4172 forma
310 4104 469 4176 'aroessit'
501 4125 555 4189 pro
578 4107 706 4189 antiqua
728 4108 822 4190 31666
844 4105 981 4189 genuino
1003 4107 1157 4188 scriptura
1188 4105 1330 4170 habenda
1359 4109 1418 4168 est.

288 4211 405 4277 Contra
427 4211 658 4294 interpolatoris
682 4230 811 4276 manum
835 4213 970 4296 produnt
998 4211 1033 4276 hi
1055 4212 1131 4276 looi:
1163 4209 1197 4275 Ο.
1220 4209 1287 4274 IIII
1311 4211 1341 4291 6,
1365 4210 1415 4275 23.

178 4315 323 4394 ’1361663
347 4316 411 4383 Sat.
434 4317 466 4380 Il
489 4315 520 4397 5,
537 4317 587 4383 87.
605 4313 657 4382 ‘ut
679 4313 749 4396 sio',
774 4316 831 4399 llp.
853 4315 932 4399 112,
955 4317 1007 4382 80.
1028 4311 1193 4382 13613132
1212 4315 1324 4398 quibus
1346 4315 1420 4381 addi

289 4489 320 4558 ³⁸)
341 4489 400 4544 vide
412 4489 485 4544 Aea:
497 4481 635 4543 ‘Alfenum
648 4487 748 4544 Varum
761 4489 962 4543 Cremonensem
975 4485 1085 4551 deridet,
1098 4487 1145 4556 qui
1157 4487 1262 4542 abiecta
1280 4487 1419 4540 ustrina

187 4576 301 4644 (Kellerz
319 4571 434 4631 ‘abieoto
454 4569 579 4642 sutrino’,
600 4575 694 4636 Bentl:
712 4570 891 4642 tonstrina),
909 4591 988 4644 quam
1008 4568 1122 4644 l‘quod’)
1151 4575 1179 4628 iu
1208 4573 1352 4642 municipio
1371 4591 1418 4626 suo

117 4715 124 4722 .
186 4667 344 4728 exercuerat,
363 4663 474 4718 Romam
492 4664 567 4716 venit
589 4704 610 4715 ..
623 4701 629 4714 .
641 4704 646 4716 .
658 4705 663 4716 .
675 4657 691 4715 .’

1281 4749 1314 4801 5*
