3404 5212
685 429 726 438 --
771 391 899 456 39-

154 575 203 642 ‘in
229 579 341 644 codice
364 578 392 642 V
416 579 512 644 fuisse
534 579 665 646 Iolcos
688 583 719 646 et
742 581 935 664 phimum,
965 600 1026 646 non
1048 580 1213 648 Oolohos
1237 599 1294 646 neo
1325 601 1411 665 pyr-

160 702 275 766 gum,
301 702 358 748 nos
382 684 511 760 edoceri,
536 703 645 750 verum
668 687 821 766 quomodo
845 685 914 768 ipsa
937 684 1032 752 verba
1055 685 1170 767 scripta
1193 685 1320 763 fuerint,
1351 685 1411 749 etsi

133 804 297 852 i-ssrrmma
320 805 391 850 cum
414 787 527 852 fidncia
550 789 695 852 contendi
718 788 907 870 nequeatli),
932 793 1037 854 tamen
1062 787 1137 868 quin
1161 805 1233 851 vera
1255 789 1411 870 scriptura

137 869 192 954 sin
227 908 267 953 eo
299 889 410 973 luerit,
440 893 500 956 vix
528 891 674 956 debere
704 911 933 974 quemquam
962 888 1225 974 dubitare'(!).
1264 893 1317 956 sed
1355 911 1411 975 ego

158 992 272 1056 hercle
296 994 404 1074 putem
429 996 480 1060 vir
503 995 613 1060 debere
637 1013 827 1078 quemquam
854 996 1006 1072 dubitare,
1037 997 1111 1077 quin
1141 995 1215 1060 talis
1244 997 1411 1077 quaerendi
1454 1017 1458 1022 ’

160 1093 402 1179 colligendique
414 1097 494 1164 ratio
510 1116 636 1180 prorsus
652 1097 695 1161 sit
718 1098 919 1180 inprobanda.
944 1117 1018 1162 nam
1035 1097 1096 1164 nisi
1110 1100 1205 1164 totius
1219 1099 1409 1180 quaestionis

159 1199 375 1264 fundamenta
405 1203 581 1281 pervertere
615 1201 769 1276 volumus,
804 1202 836 1264 in
865 1203 1048 1267 universnm
1076 1201 1135 1267 boc
1165 1221 1287 1284 semper
1317 1204 1411 1286 probe

160 1302 342 1368 tenendum
365 1308 422 1379 est,
453 1325 495 1368 ex
519 1305 688 1370 silentio
718 1306 755 1368 de
786 1305 928 1370 codicum
951 1304 1196 1387 Cruquiannrum
1227 1305 1412 1372 lectionibus

160 1405 248 1470 nihil
274 1425 398 1488 prorsus
423 1409 567 1474 concludi
589 1427 687 1492 posse.
712 1409 794 1491 quod
817 1412 922 1475 antem
947 1413 984 1474 ad
1004 1410 1087 1474 locos
1112 1409 1181 1474 illos
1196 1409 1330 1488 adtinet,
1354 1428 1410 1473 nos

161 1529 202 1574 ne
227 1511 381 1593 suspicari
404 1511 530 1594 quidem
552 1531 718 1594 possumus
741 1513 879 1578 codicem
903 1513 931 1578 V
950 1511 1080 1578 ‘Iolcos'
1106 1519 1137 1577 ct
1161 1511 1331 1594 ‘phimum'
1357 1533 1409 1578 ex·

160 1613 321 1678 hibnisse.
350 1633 424 1678 nam
452 1612 581 1680 ‘Iolcos'
607 1615 638 1680 in
671 1615 742 1680 aliis
772 1635 893 1698 qnoque
923 1617 1080 1680 codicibus
1110 1636 1164 1698 per
1198 1617 1236 1680 cb
1270 1616 1411 1680 litteram

161 1722 333 1784 exaratum
356 1718 481 1802 legitur,
511 1721 598 1784 velut
628 1721 660 1784 in
689 1721 762 1798 rad
792 1719 888 1802 (apud
911 1719 1090 1803 Kellerom)
1122 1721 1152 1782 et
1180 1720 1212 1783 in
1243 1718 1412 1784 Pulmanni

160 1819 425 1904 Hl‘hiqlcbes');
441 1840 495 1904 pro
512 1823 611 1886 altera
627 1841 698 1886 vero
715 1841 789 1888 voce
801 1818 971 1903 ‘phimum'
990 1822 1022 1885 in
1038 1821 1250 1886 vetustissimo
1268 1823 1409 1887 extitisse

162 1925 338 1990 lectionem
356 1923 536 2008 ‘phymum'
562 1945 758 2008 nequaquam
782 1925 906 1990 videtur
928 1924 1118 2007 incredibile,
1136 1945 1207 1992 cum
1224 1927 1410 2007 praesertim

163 2030 205 2092 ad
236 2029 272 2094 O.
298 2030 328 2093 ll
355 2030 403 2107 12,
439 2031 487 2094 13.
512 2028 668 2111 Oruquius
698 2033 763 2112 ipsc
795 2029 921 2094 disertis
949 2029 1053 2092 verbis
1083 2022 1218 2093 testetur
1244 2030 1277 2094 in
1306 2030 1413 2094 codice

162 2133 391 2214 antiquissimo
414 2133 490 2198 alibi
513 2134 689 2217 quoque⁹⁹l
712 2135 833 2198 litteras
856 2133 868 2196 i
891 2137 922 2196 et
945 2151 965 2214 y
988 2136 1104 2198 temere
1127 2132 1223 2196 fnisse
1246 2133 1408 2198 confusas:

160 2233 385 2319 ⁹chpmcc'oe.
404 2238 449 2302 sio
465 2238 531 2302 cod.
550 2237 839 2318 Blandantiquiss.
855 2235 920 2300 Alii
936 2236 996 2300 duc
1013 2235 1201 2318 Licymniae,
1215 2237 1270 2300 sed
1287 2236 1405 2308 Diuasi,

164 2341 305 2424 Maldeg.
330 2342 424 2406 Mart.
449 2339 505 2406 Sil.
528 2338 691 2406 Liciniae’.
715 2359 812 2422 neque
835 2340 938 2404 minus
963 2341 1079 2404 errauit
1109 2338 1230 2422 Hoehn‚
1261 2341 1341 2422 quod
1371 2343 1408 2406 ad

165 2443 201 2510 Ο.
226 2446 260 2508 ll
292 2445 341 2526 17,
378 2444 435 2508 14:
464 2441 602 2526 ‘Gppus
638 2445 683 2508 sic
718 2443 834 2513 habent
868 2443 935 2506 sine
968 2441 1036 2505 ulla
1069 2440 1165 2506 litura
1198 2445 1252 2506 aut
1285 2443 1411 2506 macula

165 2564 277 2618 omnes
300 2547 354 2612 lib.
379 2545 501 2628 scripti'
527 2548 559 2612 in
576 2548 732 2629 scriptura
749 2543 879 2629 ‘Gygae'
904 2546 1020 2610 iterum
1043 2546 1054 2608 i
1077 2563 1133 2626 pro
1157 2565 1176 2628 y
1195 2548 1407 2628 reponendum

166 2670 236 2716 esse
261 2652 379 2715 censuit
402 2651 451 2714 his
484 2651 585 2715 verbis
617 2654 658 2732 (p.
683 2651 764 2732 29.);
785 2647 929 2731 ‘Crnquii
953 2650 1069 2714 lemma
1093 2653 1123 2714 et
1151 2651 1220 2730 ipsa
1239 2649 1408 2714 ,adnotatio

167 2757 321 2836 praebent
351 2755 485 2819 formam
503 2752 648 2839 ‘Gygas⁷,
680 2757 732 2836 qui
763 2757 810 2818 est
840 2773 944 2816 merus
973 2755 1077 2834 lapsus
1112 2756 1198 2816 ortus
1231 2751 1361 2817 fortasse
1392 2773 1408 2814 e

170 2861 332 2942 scriptura
349 2856 461 2942 ‘Gyas'
479 2860 529 2924 vel
552 2864 693 2941 receptus
718 2879 754 2922 en
778 2857 909 2939 antiqua
931 2859 1075 2922 editione.
1100 2857 1132 2922 in
1148 2857 1236 2922 textu
1253 2855 1407 2938 Oruquius

167 2965 256 3028 reete
279 2962 376 3026 habet
393 2959 522 3044 ‘gigas'.
545 2967 639 3044 atque
662 2962 694 3026 id
717 2962 820 3044 ipsum
845 2961 968 3026 exhibet
992 2960 1154 3025 Gothanus
1178 2962 1272 3024 codex
1301 2961 1408 3024 nostro

168 3065 362 3130 simillimus.
386 3065 481 3130 etiam
498 3065 537 3130 ad
550 3065 580 3129 C.
599 3066 695 3142 1114,
713 3066 765 3129 69.
790 3064 943 3146 (irnqnius
959 3067 1103 3130 accurate
1119 3065 1253 3145 protulit
1264 3060 1409 3147 ‘gigas'.'

168 3169 356 3252 atprimum
369 3167 523 3250 Ornqnius
540 3187 646 3232 veram
663 3165 968 3250 lectionem‘gigas',
986 3186 1081 3249 quam
1097 3170 1128 3232 in
1146 3168 1293 3232 contentu
1307 3167 1411 3240 habet,

169 3291 231 3337 non
256 3273 353 3336 codici
376 3273 509 3348 cuidam,
534 3275 586 3336 sed
610 3271 740 3336 editioni
756 3271 1004 3336 Pulmannianae
1020 3270 1137 3350 debuit,
1155 3291 1191 3334 ex
1207 3267 1412 3352 qna‘priores

172 3381 237 3441 tres
262 3375 442 3454 Carminnm
464 3375 561 3440 libros
585 3395 645 3439 non
661 3377 800 3438 mutatos
823 3375 928 3438 recudi
951 3371 1146 3454 curavit’³⁰).
1173 3374 1283 3438 deinde
1308 3374 1409 3437 altera

171 3483 297 3544 tantum
322 3479 458 3546 Gothani
481 3497 563 3559 pare,
585 3498 662 3561 quae
680 3479 841 3542 Sermones
857 3482 888 3542 et
905 3477 1064 3561 Epistulas
1082 3477 1230 3553 continet,
1249 3475 1287 3539 ad
1304 3481 1408 3539 vetus·

171 3582 333 3647 tissimum
357 3582 494 3665 proxime
519 3583 647 3658 accedit,
671 3582 703 3644 in
726 3581 926 3646 Carminibus
949 3599 1022 3644 uero
1039 3581 1213 3662 Epodisque
1237 3597 1359 3642 summa
1382 3579 1411 3641 ei

173 3704 247 3751 cum
269 3685 434 3751 anioensi
469 3689 515 3749 est
540 3685 694 3767 cognatio,
730 3685 761 3747 id
785 3687 866 3766 quod
900 3685 964 3748 iam
993 3682 1070 3747 olim
1093 3683 1248 3746 Kirebner
1271 3682 1305 3744 in
1328 3681 1410 3746 Nou.

173 3789 326 3870 Quaeso,
350 3789 452 3872 Pauly
475 3789 507 3852 in
531 3786 672 3866 Quaestt.
697 3789 805 3855 Horat.
832 3789 863 3850 et
885 3787 919 3850 in
942 3785 1086 3851 editionis
1117 3805 1190 3849 snae
1220 3783 1410 3867 praelatione

174 3892 324 3975 copiosius
353 3895 569 3973 exposuerunt.
596 3893 672 3956 locis
703 3893 801 3976 igitur
830 3910 923 3972 supra
960 3889 1089 3972 prolatis
1128 3889 1242 3952 codicis
1273 3888 1410 3954 Gotbani

169 3992 371 4060 ‘similitudo'
397 4012 593 4077 nequaquam·
614 4015 669 4078 pro
694 4001 878 4076 argumento
902 3993 1056 4059 venditari
1078 3993 1191 4075 potest,
1222 4011 1292 4056 cum
1321 4011 1415 4074 prae·

176 4100 282 4164 sertim
305 4099 357 4165 vel
379 4100 412 4162 in
436 4101 536 4162 altera
559 4117 656 4182 eaque
679 4098 915 4179 praestantiore,
939 4097 976 4160 ut
998 4098 1122 4177 putant,
1152 4096 1288 4163 Gothani
1317 4098 1414 4176 parte
1543 4139 1546 4147 .

175 4203 364 4267 nonnullae
388 4204 493 4266 extent
516 4203 700 4284 scripturae,
724 4221 847 4285 prorsus
871 4202 1008 4266 diversae
1025 4201 1061 4264 ab
1087 4203 1138 4277 cis,
1163 4219 1239 4282 quas
1263 4218 1298 4262 er
1315 4199 1412 4262 Blan-

175 4305 258 4370 dinio
281 4307 491 4370 vetustissimo
514 4305 568 4368 a'dt
591 4306 631 4368 lit
655 4305 821 4386 Ornqnius.
853 4324 950 4387 neque
973 4306 1101 4369 tertium
1127 4303 1348 4386 argumentum
1378 4321 1413 4364 er

278 4476 309 4541 ²⁹)
327 4475 388 4528 vide
406 4478 497 4540 etiam,
516 4476 613 4544 quibus
631 4479 719 4528 verbis
737 4475 796 4544 ipsa
813 4475 952 4528 adnotatio
962 4474 996 4528 ad
1010 4476 1065 4527 Sat.
1083 4474 1112 4528 Il
1132 4479 1154 4540 7,
1176 4478 1216 4526 17.
1230 4472 1267 4525 sit
1285 4474 1412 4540 concepta

177 4561 266 4632 (buius
286 4563 350 4615 diss.
369 4577 393 4630 p.
409 4567 472 4624 tl).

281 4649 303 4679 ³⁰
332 4648 365 4702 cf.
383 4648 487 4701 Hoehn.
505 4665 531 4718 p.
551 4652 583 4714 7.,
603 4648 781 4716 Zangomeist.
801 4647 819 4700 l.
838 4664 859 4700 c.
879 4665 904 4716 p.
926 4653 985 4700 332.
