3404 5212
816 427 853 436 -.
901 391 1030 456 44ss

303 577 443 661 exemplo
466 577 602 660 quodam
626 576 764 660 generali
787 577 953 642 inlustrare
983 575 1071 658 velis,
1103 575 1167 641 iam
1197 576 1296 660 fingas
1326 593 1439 658 quaeso
1469 594 1541 639 eum

305 685 452 764 quattuor
475 680 607 746 codices:
638 701 669 760 u,
694 699 722 764 v,
746 700 775 765 x,
797 698 817 762 y
840 680 909 744 ioco
932 679 1065 762 quodam
1090 677 1282 756 adhibuisse,
1313 678 1367 744 ubi
1389 697 1410 742 u
1434 695 1541 742 vocem

298 783 428 864 ‘milia',
452 805 471 852 v
493 785 683 868 scripturam
700 781 811 862 ‘tilia',
835 780 988 861 x‘vilia',
1011 780 1139 867 y‘filia⁷
1165 781 1341 848 exhibebat.
1366 800 1425 864 quo
1448 780 1541 845 modo

300 891 400 976 igitur
412 888 583 970 Gruquium
599 888 678 954 forte
693 887 816 954 fortuna
831 889 981 953 lectorem
996 888 1179 952 benevolum
1195 887 1262 951 loeo
1277 885 1333 950 iilo
1349 885 1386 949 de
1398 885 1539 950 codicum

301 1011 430 1058 snorum
452 992 616 1074 scripturis
641 991 799 1056 edocuisse
821 992 950 1070 statuas,
975 993 1001 1056 si
1023 993 1099 1073 ipse,
1115 992 1151 1055 ut
1166 991 1229 1054 iam
1246 989 1422 1072 exemplum
1437 989 1541 1054 absol-

300 1114 383 1180 vam,
406 1094 572 1160 lectionem
592 1092 706 1161 ‘milia'
733 1099 814 1160 esset
837 1096 1020 1178 amplexus?
1043 1096 1126 1160 certe
1143 1095 1196 1160 ilie
1212 1095 1352 1160 moratus
1369 1111 1430 1158 nou
1446 1098 1539 1170 essct,

300 1199 465 1282 quominus
488 1199 565 1266 baec
588 1199 652 1264 fere
675 1197 771 1264 verba
794 1197 924 1264 iaceret:
943 1195 1062 1264 ‘mitia
1086 1198 1133 1262 sic
1156 1198 1269 1263 babent
1291 1196 1348 1262 lib.
1372 1195 1483 1280 scripti
1506 1216 1539 1276 n,

300 1320 330 1380 v,
354 1322 382 1377 x,
405 1321 441 1384 γ,
465 1321 535 1381 non,
559 1299 678 1368 millia'.

403 1404 492 1470 Nihil
516 1405 615 1487 igitur
637 1405 714 1470 certi
750 1405 925 1470 eiusmodi
958 1405 1032 1470 locis
1062 1405 1183 1490 profert
1212 1407 1250 1470 de
1278 1406 1345 1470 tota
1372 1422 1454 1487 voce,
1484 1403 1540 1468 scd

298 1510 541 1592 particulam
575 1511 699 1574 tantum
733 1511 799 1574 eius
831 1508 1006 1575 accuratius
1029 1509 1199 1594 respexisse
1229 1511 1386 1592 putandus
1417 1509 1475 1587 est,
1507 1508 1539 1572 id

300 1613 468 1696 quodiam
492 1613 724 1696 Zangomeister
747 1613 769 1681 l.
793 1631 818 1678 c.
843 1633 873 1697 p.
899 1613 974 1678 337.
998 1615 1036 1678 ad
1055 1611 1088 1678 O.
1112 1613 1180 1678 IIII
1203 1614 1232 1694 6,
1250 1612 1301 1676 28.
1325 1611 1415 1696 quasi
1437 1611 1538 1694 digito

299 1715 416 1800 adtigit
438 1715 487 1779 his
510 1734 585 1780 usus
608 1715 727 1781 uerbis:
748 1712 837 1780 ‘Man
859 1735 945 1782 musa
970 1718 1029 1780 den
1053 1715 1104 1780 sdr
1122 1716 1171 1780 die
1188 1717 1372 1799 Bendtzuug
1388 1715 1442 1780 des
1459 1714 1538 1781 Cru-

299 1821 389 1904 qnius
404 1819 571 1904 geltenden
587 1819 765 1887 Grundsatn
781 1818 914 1897 konnen,
931 1819 1003 1884 dass
1026 1838 1100 1884 nur
1123 1820 1189 1884 der
1212 1819 1455 1894 Buehstabe,
1475 1820 1538 1884 dic

298 1923 407 1990 Silbe
430 1924 504 1988 oder
525 1925 579 1988 dns
596 1922 686 1987 Wort
708 1924 753 1988 als
774 1921 807 1986 in
823 1925 931 1988 seinen
947 1921 1197 1988 Handschriften
1212 1923 1342 1988 stebcnd
1359 1923 1537 1988 betrachtet

297 2029 420 2092 werden
444 2026 521 2103 dari,
546 2044 606 2091 von
630 2027 700 2090 dem
725 2045 757 2090 er
781 2045 813 2091 es
836 2043 934 2107 gana
957 2025 1245 2091 ausdrdchiich
1275 2028 1355 2110 sagi,
1387 2028 1451 2092 und
1482 2027 1540 2092 auf

298 2131 428 2196 welches
452 2148 485 2193 er
508 2129 574 2194 sich
596 2148 695 2213 gana
718 2128 886 2211 speciali
909 2126 1096 2195 benieht'.
1122 2147 1221 2212 neque
1244 2129 1374 2194 difficile
1397 2135 1444 2196 est
1466 2149 1537 2214 per·

296 2235 415 2317 spectu,
439 2251 498 2316 quo
521 2234 611 2296 modo
635 2231 754 2297 factum
777 2233 829 2312 sit,
860 2233 898 2296 ut
928 2233 1072 2298 codicum
1103 2234 1250 2298 lectiones
1278 2253 1340 2298 non
1370 2253 1438 2299 raro
1468 2239 1536 2300 tam

298 2338 413 2402 mirum
439 2337 468 2401 in
492 2335 622 2400 modum
646 2338 825 2400 contereret
849 2334 1022 2420 Cruquius3
1057 2357 1130 2402 nam
1159 2337 1262 2402 varias
1292 2338 1465 2420 scripturas
1495 2340 1535 2403 ad

297 2441 481 2524 exemplaris
505 2441 553 2505 sui
577 2442 751 2522 marginem
773 2439 957 2520 plerumque
980 2440 1039 2505 sibi
1063 2440 1109 2504 ita
1131 2443 1305 2506 enotavisse
1335 2441 1467 2518 videtur,
1499 2444 1536 2508 ut

283 2564 358 2611 eas
382 2548 534 2609 tantum
554 2543 623 2609 litt
634 2563 719 2608 eras
737 2542 928 2626 depingeret,
946 2546 983 2607 dc
999 2544 1112 2626 quibus
1128 2544 1286 2628 inprimis
1303 2544 1363 2612 sibi
1380 2545 1534 2630 agendum

295 2649 464 2732 proposuit,
487 2666 586 2730 neque
611 2664 682 2712 vero
705 2665 742 2711 ex
765 2665 947 2728 unoquoque
970 2647 1074 2712 codice
1098 2651 1180 2713 totas
1210 2649 1242 2712 et
1271 2649 1411 2732 integras
1442 2668 1534 2716 voces

295 2752 483 2833 singillatim
506 2751 705 2815 describeret.

398 2841 483 2936 Quae
507 2873 580 2918 cum
602 2853 648 2918 ita
670 2856 782 2938 essent,
805 2853 865 2918 hoc
887 2853 1086 2935 potissimum
1109 2854 1170 2938 egi,
1201 2858 1237 2919 ut
1267 2875 1303 2920 er
1332 2855 1436 2920 indice
1466 2874 1533 2922 mco

297 2960 456 3024 commode
467 2957 595 3024 tandem
611 2957 744 3040 perspici
759 2959 874 3040 posset,
891 2957 1041 3039 quidnam
1057 2957 1112 3022 ille
1129 2959 1260 3042 singulis
1277 2959 1352 3024 iocis
1369 2960 1531 3043 explanare

294 3061 475 3128 studuisset.
499 3078 593 3143 quam
616 3079 683 3124 rem
706 3059 770 3125 fere
800 3059 915 3144 ubique
949 3079 984 3125 ex
1017 3060 1115 3144 ipsius
1147 3060 1275 3144 Oruquii
1310 3061 1414 3127 verbis
1446 3063 1533 3130 facili

294 3165 419 3248 negotio
442 3162 602 3229 absolvere
624 3163 732 3244 potui;
755 3166 861 3247 paucis
885 3165 1011 3228 tantum
1033 3164 1110 3230 locis
1134 3165 1323 3230 extrinsecus
1346 3167 1426 3232 mihi
1443 3167 1532 3232 auxi·

295 3268 374 3334 lium
397 3269 464 3332 crab
486 3269 664 3352 petendum.
695 3285 767 3330 narn
795 3267 851 3334 ubi
880 3287 914 3332 ex
943 3268 1020 3351 ipsis
1055 3268 1184 3352 Crnquii
1219 3269 1323 3334 verbis
1359 3289 1420 3336 non
1454 3271 1531 3335 satis

294 3373 433 3456 adparet,
457 3389 552 3454 quam
575 3370 704 3434 tandem
736 3389 841 3436 vocem
871 3371 921 3435 uel
951 3391 1101 3454 quasnam
1132 3373 1254 3438 litteras
1284 3375 1349 3438 iure
1380 3373 1479 3440 codici
1503 3373 1531 3438 V

294 3478 481 3550 tribuamus,
505 3473 549 3540 ibi
574 3473 791 3540 carminum
815 3475 943 3554 textu,
967 3476 1093 3558 qualem
1116 3475 1259 3542 exhibuit
1283 3475 1446 3559 Cruquius,
1474 3478 1531 3542 ad·

293 3581 392 3644 hibito
415 3578 559 3662 aenigma
581 3578 661 3643 solvi
684 3597 773 3661 posse
796 3580 929 3644 credam.
960 3579 1109 3646 nimirum
1134 3584 1198 3647 aius
1214 3583 1299 3648 modi
1314 3581 1400 3664 locis
1417 3581 1529 3664 quibus

294 3684 436 3749 codicum
459 3681 710 3765 Cruquianorum
741 3683 835 3748 lectio
865 3685 904 3748 ab
935 3703 980 3762 ea,
1016 3705 1095 3768 quae
1125 3688 1156 3750 in
1187 3686 1330 3752 contextu
1360 3685 1529 3762 iuvenitur,

293 3787 455 3868 discrepat,
486 3785 616 3850 alteram
647 3787 703 3851 ille
733 3789 921 3872 scripturam
952 3789 1044 3854 alteri
1075 3790 1252 3872 opposuisse
1283 3789 1421 3872 videtum
1456 3807 1527 3854 curn

294 3889 377 3954 enim
410 3889 535 3954 Horatii
571 3891 691 3964 textum
725 3909 787 3956 non
822 3910 946 3974 prorsus
981 3893 1020 3957 ad
1054 3911 1146 3957 suum
1170 3893 1333 3957 correxerit
1366 3892 1527 3971 iudicium,

292 3993 346 4057 sed
369 3991 552 4074 plerumque
575 4012 611 4056 en
633 3993 768 4060 editione
791 3995 927 4078 quadam
961 3997 1009 4061 sui
1037 3997 1188 4079 temporis
1211 3995 1413 4078 repetendum
1438 4013 1526 4060 cura-

292 4097 380 4168 verit,
404 4094 468 4160 iam
491 4101 574 4160 recte
603 4097 779 4179 concludas
810 4101 842 4164 in
872 4102 958 4164 textu
983 4099 1158 4182 Cruquiano
1189 4119 1250 4164 non
1280 4118 1350 4165 raro
1382 4099 1528 4182 vulgatae

292 4199 454 4264 cuiusdam
476 4198 617 4265 lectionis
640 4203 774 4285 vestigia
797 4203 959 4268 resedisse.
984 4204 1028 4268 sie
1044 4203 1109 4270 Sat.
1126 4203 1142 4268 Ι
1159 4204 1188 4279 6,
1206 4205 1261 4268 29.·
1275 4203 1350 4269 baec
1364 4203 1527 4288 leguntur:

288 4299 478 4384 ‘quiahomo
494 4301 628 4368 estbe'c?
644 4309 785 4386 qoopat.
802 4327 834 4369 u.
859 4305 915 4371 sic
938 4307 1086 4372 habent
1106 4325 1234 4374 omnes
1251 4303 1525 4389 manuscripti.

293 4405 383 4489 fingit
411 4407 560 4490 populum
592 4407 744 4472 invidiose
775 4410 929 4492 inquirere
959 4410 992 4474 in
1023 4429 1121 4496 genus
1152 4412 1229 4490 aius,
1264 4411 1317 4494 qui
1348 4410 1449 4492 factus
1479 4414 1527 4474 est

293 4506 519 4592 magistratus’3
544 4513 576 4576 at
599 4511 631 4575 in
655 4513 743 4577 textu
766 4515 918 4597 legimus:
944 4513 1027 4599 ‘quis
1053 4517 1144 4582 homo
1168 4517 1218 4581 hic
1247 4515 1332 4580 esti.
1351 4533 1410 4598 quo
1438 4518 1527 4600 patre

293 4608 433 4694 natusd',
457 4613 563 4695 itaque
586 4615 636 4678 hio
658 4618 695 4681 de
718 4616 785 4682 sola
807 4617 973 4685 verborum
996 4620 1151 4704 positione
1173 4620 1287 4704 agitur.
1311 4619 1397 4701 Epi
1420 4618 1451 4701 2,
1468 4621 1525 4686 51:
