3404 5212
800 298 1009 360 ,18-

382 484 453 549 Iam
482 501 565 561 vero,
596 501 673 566 quae
702 501 798 564 supra
827 483 927 548 fusius
952 487 1087 567 exposui,
1112 488 1215 552 omnia
1238 491 1344 568 paucis
1366 488 1412 553 sio
1435 506 1522 552 com·

280 589 417 670 plectar:
1072 647 1073 650 ,
1411 584 1414 590 ’

315 689 342 756 Ι.
366 689 522 774 Cruquius
555 708 616 754 non
650 694 753 772 potest
789 691 935 755 falsarius
970 692 1088 757 haberi.
1120 694 1229 776 itaque
1263 695 1389 759 etiamsi
1425 709 1520 775 argu·

366 795 481 859 mentis
511 795 559 859 sat
590 793 693 859 dubiis
723 799 752 857 et
785 794 913 858 incertis
943 797 1132 876 nitebantur,
1163 799 1218 880 qui
1251 799 1463 880 suspicionem
1485 797 1519 861 in

365 917 437 962 eum
460 899 593 962 inlatam
616 915 775 961 removere
794 896 992 975 studuerunt,
1016 901 1140 975 Menas,
1158 902 1269 966 Hoehn
1294 903 1420 983 aliique,
1452 902 1518 965 iure

364 1005 470 1066 tamen
492 1001 746 1083 inpugnaveruut
769 1000 938 1082 Berginium
962 1007 993 1066 et
1016 1002 1188 1083 Kellerum,
1223 1005 1276 1086 qui
1306 1005 1416 1068 iniusti
1439 1005 1518 1067 enti-

363 1111 469 1169 terunt
492 1103 622 1186 Cruquii
644 1105 876 1168 obtrectatores,

292 1209 339 1272 ΙΙ.
365 1208 521 1290 Cruquius
557 1209 589 1270 iu
618 1206 773 1271 codicibus
808 1207 1002 1273 conferendis
1035 1211 1170 1274 editione
1200 1212 1336 1293 quadam
1366 1229 1440 1274 usus
1469 1213 1517 1273 est

361 1312 416 1388 ita,
447 1317 483 1375 ut
510 1313 549 1376 ad
579 1310 645 1374 eius
676 1309 854 1392 marginem
883 1312 947 1392 (vel
972 1313 1004 1375 in
1028 1312 1111 1377 foliis
1134 1315 1274 1397 adnexis)
1306 1333 1341 1378 ea
1370 1317 1513 1377 tautum·

362 1417 453 1478 modo
476 1415 628 1491 enotaret
658 1433 738 1495 quae
768 1413 829 1494 ipsi
857 1433 894 1476 ex
916 1414 1045 1480 arbitrio
1068 1435 1124 1480 suo
1148 1418 1196 1481 vel
1220 1419 1397 1482 memoratu
1420 1417 1516 1500 digna

362 1519 415 1583 vel
444 1521 483 1582 ad
511 1517 618 1581 crisim
647 1520 678 1580 in
701 1518 833 1580 Horatio
862 1517 1069 1583 iactitandam
1099 1520 1192 1584 utilia
1221 1539 1288 1584 esse
1311 1519 1514 1600 videbantur3

361 1621 399 1686 cf.
429 1620 523 1702 Cruq.
552 1621 591 1685 ad
621 1620 677 1702 Ep.
706 1620 783 1684 113
806 1619 866 1703 (ed.
893 1618 987 1685 1578.
1018 1639 1048 1702 p.
1073 1621 1169 1702 639):
1195 1619 1331 1688 ‘.....
1350 1621 1388 1686 ab
1422 1620 1514 1686 initio

360 1744 488 1807 operum
517 1726 763 1790 Horatianorum
795 1723 942 1807 quicquid
973 1726 1005 1788 in
1035 1725 1174 1807 antiquis
1206 1727 1335 1809 scriptis
1358 1732 1390 1789 et
1412 1725 1512 1789 Blan-

359 1829 453 1892 diniis
484 1831 514 1892 et
544 1829 614 1893 aliis
644 1827 831 1892 offendimus
854 1827 960 1891 lectu
984 1830 1165 1911 scituque
1190 1835 1404 1911 utcumque
1427 1831 1508 1909 dig-

358 1951 463 2008 num,
486 1934 524 1996 ad
547 1931 641 1996 finem
665 1951 762 2014 usque
786 1927 1028 2012 descripsimus?

275 2035 332 2100 ΙΙΙ.
357 2033 529 2117 Oruquium
559 2035 746 2100 deficiebant
774 2033 857 2098 vires
885 2033 924 2097 ad
947 2037 1083 2112 vastum,
1107 2054 1198 2116 quem
1222 2039 1428 2119 congesserat,
1454 2035 1509 2096 ad-

356 2145 502 2222 paratum
533 2140 737 2222 digeraudum
767 2138 977 2220 singulasque,
1008 2157 1084 2219 quas
1116 2143 1307 2216 enotaverat‚
1339 2137 1507 2216 scripturas

360 2243 592 2326 dignoscendas.
623 2244 740 2324 itaque,
765 2241 799 2306 id
821 2241 903 2322 quod
927 2260 1022 2322 supra
1045 2241 1193 2319 vidimus,
1218 2239 1281 2305 Sat.
1306 2240 1336 2302 11
1353 2237 1381 2318 t,
1407 2239 1446 2302 71
1463 2257 1507 2321 sq.

358 2347 604 2423 adnotationem,
629 2364 709 2427 quae
731 2345 771 2408 ad
794 2346 896 2408 solum
919 2345 1172 2409 vetustissimum
1188 2348 1255 2408 arat
1277 2343 1446 2414 referenda,
1470 2341 1509 2405 ad

358 2450 498 2515 codicem
527 2467 647 2531 quoque
677 2448 789 2512 Divaei
818 2447 986 2511 falsissime
1016 2449 1150 2512 rettulit.
1182 2465 1281 2530 neque
1309 2447 1413 2510 hercle
1441 2445 1508 2508 fieri

356 2556 469 2637 potest,
506 2555 579 2634 quin
615 2553 810 2634 suspicemur
846 2550 1004 2614 homiuem
1034 2549 1112 2615 alibi
1142 2568 1262 2633 quoquc
1294 2569 1347 2632 per
1376 2548 1508 2612 eundem

354 2674 489 2722 errorem
518 2657 641 2738 lapsum
671 2674 738 2720 esso
767 2655 822 2730 ita,
854 2657 889 2719 ut
918 2656 1052 2720 aliorum
1082 2654 1224 2719 codicum
1253 2655 1403 2718 lectiones
1434 2653 1505 2717 aliis

354 2759 511 2823 codicibus
528 2758 607 2822 forte
623 2759 748 2822 fortuna
767 2758 988 2841 adsignaverit.
1012 2757 1107 2821 simul
1124 2776 1160 2821 ex
1175 2758 1244 2821 loco
1260 2775 1353 2838 supra
1368 2773 1507 2820 comme·

354 2865 474 2926 morato
497 2862 633 2926 vidimus
658 2859 786 2943 Oruquii
814 2861 906 2927 fidam
930 2861 980 2925 vel
1005 2862 1039 2924 in
1068 2861 1139 2924 libri
1163 2859 1372 2924 vetustissimi
1395 2858 1505 2922 lectio-

354 2965 447 3029 nibus
470 2967 509 3029 ab
532 2984 566 3029 eo
590 2964 719 3046 prolatis
743 2969 922 3046 suspectam
945 2984 1010 3029 esse
1032 2965 1218 3044 habendam,
1253 2966 1367 3048 quippe
1391 2964 1445 3044 qui
1468 2981 1507 3026 no

353 3067 446 3132 huius
469 3068 595 3150 quidem
618 3067 694 3131 libri
729 3069 926 3149 aliorumque
950 3069 1092 3132 codicum
1116 3067 1307 3131 deteriorum
1330 3067 1501 3148 scripturas

353 3173 412 3236 rite
434 3172 519 3235 inter
541 3191 574 3236 se
597 3171 790 3252 distinguere
814 3171 962 3253 potuerit.

842 3396 928 3472 IIII.

571 3565 643 3630 issis
676 3564 740 3629 iam
779 3566 818 3630 ad
856 3567 951 3630 aliam
988 3566 1080 3630 huius
1114 3565 1343 3631 dissertationis
1381 3568 1502 3646 partem

265 3511 641 3865 adgrediQna
664 3667 781 3734 codicis
804 3669 964 3735 Blandinii
986 3668 1199 3750 antiquissimi
1221 3669 1378 3744 lectiones,
1402 3685 1502 3748 quan·

240 3787 243 3800 ·
264 3778 333 3836 tum
361 3773 465 3849 licet,¹
575 3771 718 3836 ntissimo
748 3772 894 3854 colligere
918 3773 1061 3838 conabor.
1093 3777 1126 3835 at
1149 3773 1232 3836 dicct
1256 3770 1325 3854 quis
1348 3769 1502 3836 fortasse:

262 3893 329 3938 rem
362 3881 466 3940 actam
500 3895 540 3958 ag
679 3878 748 3953 eris,
782 3875 898 3957 quippe
931 3895 1002 3940 cum
1036 3875 1101 3940 iam
1123 3875 1237 3939 Menos
1264 3893 1362 3956 neque
1386 3876 1500 3959 exigua

263 3994 336 4040 cum
365 3871 733 4093 diligantiaffeo
756 3997 886 4042 munere
919 3978 1020 4042 functi
1048 3979 1122 4043 sint.
1160 3981 1298 4042 attamen
1333 3979 1502 4059 utrumque

262 4079 297 4142 in
329 4067 651 4219 robutoeratflsimrs
681 4098 742 4145 non
772 4099 843 4146 raro
875 4081 1031 4145 incertum
1063 4081 1198 4144 haesisse
1227 4099 1263 4144 ex
1297 4081 1405 4146 libello
1433 4097 1500 4144 meo

263 4183 437 4266 adparebit.
470 4203 533 4268 qua
555 4185 593 4249 de
615 4203 710 4250 causa
732 4204 841 4267 operae
864 4185 1001 4268 pretium
1025 4189 1073 4249 est
1096 4186 1133 4249 de
1155 4184 1314 4249 nonnullis
1333 4181 1499 4249 eiusmodi

263 4289 545 4354 observatiunculis
569 4291 685 4354 diversi
709 4291 859 4354 nimirum
882 4290 1002 4373 generis
1024 4289 1076 4353 bic
1098 4288 1199 4354 fusius
1224 4289 1391 4371 disputare.

367 4395 414 4456 Ac
441 4394 580 4474 primum
610 4393 737 4478 quidem
766 4393 799 4457 in
828 4393 861 4458 id
890 4393 1048 4475 inquirere
1076 4391 1187 4470 valim‚'
1213 4397 1320 4456 utrum
1343 4389 1499 4473 Gruquius

263 4496 503 4562 commentarios
536 4515 607 4560 suos
640 4495 679 4562 ad
712 4496 852 4580 singulos
884 4495 1007 4560 Horatii
1041 4497 1137 4564 libros
1167 4514 1273 4562 omnes
1304 4493 1436 4558 eundem
1466 4493 1498 4558 in
