<?xml version="1.0" encoding="UTF-8"?>
<!DOCTYPE html PUBLIC "-//W3C//DTD XHTML 1.0 Transitional//EN"
    "http://www.w3.org/TR/xhtml1/DTD/xhtml1-transitional.dtd">
<html xmlns="http://www.w3.org/1999/xhtml" xml:lang="en" lang="en">
 <head>
  <title>
</title>
<meta http-equiv="Content-Type" content="text/html;charset=utf-8" />
  <meta name='ocr-system' content='tesseract 3.04.00' />
  <meta name='ocr-capabilities' content='ocr_page ocr_carea ocr_par ocr_line ocrx_word'/>
</head>
<body>
  <div class='ocr_page' id='page_1' title='image "./decruquiicodice00kukugoog_0019.png"; bbox 0 0 3404 5212; ppageno 0'>
   <div class='ocr_carea' id='block_1_1' title="bbox 785 344 997 408">
    <p class='ocr_par' dir='ltr' id='par_1_1' title="bbox 785 344 997 408">
     <span class='ocr_line' id='line_1_1' title="bbox 785 344 997 408; baseline -0.009 -18"><span class='ocrx_word' id='word_1_1' title='bbox 785 344 997 408; x_wconf 44' lang='lat'>..10*</span> 
     </span>
    </p>
   </div>
   <div class='ocr_carea' id='block_1_2' title="bbox 250 524 1526 1236">
    <p class='ocr_par' dir='ltr' id='par_1_2' title="bbox 251 524 1526 1120">
     <span class='ocr_line' id='line_1_2' title="bbox 252 524 1518 613; baseline -0.009 -11"><span class='ocrx_word' id='word_1_2' title='bbox 252 538 293 602; x_wconf 89' lang='lat' dir='ltr'><strong>tie</strong></span> <span class='ocrx_word' id='word_1_3' title='bbox 323 537 498 613; x_wconf 80' lang='lat' dir='ltr'><strong>formidine,</strong></span> <span class='ocrx_word' id='word_1_4' title='bbox 533 534 665 602; x_wconf 14' lang='lat' dir='ltr'><strong>eliloous</strong></span> <span class='ocrx_word' id='word_1_5' title='bbox 735 531 792 602; x_wconf 85' lang='lat' dir='ltr'><strong>illo</strong></span> <span class='ocrx_word' id='word_1_6' title='bbox 857 531 982 602; x_wconf 80' lang='lat' dir='ltr'><strong>insitio</strong></span> <span class='ocrx_word' id='word_1_7' title='bbox 1006 529 1175 610; x_wconf 52' lang='lat' dir='ltr'><strong>regerer.</strong></span> <span class='ocrx_word' id='word_1_8' title='bbox 1200 529 1285 598; x_wconf 84' lang='lat' dir='ltr'><strong>caret</strong></span> <span class='ocrx_word' id='word_1_9' title='bbox 1314 524 1374 591; x_wconf 88' lang='lat' dir='ltr'><strong>tibi</strong></span> <span class='ocrx_word' id='word_1_10' title='bbox 1403 572 1518 591; x_wconf 92' lang='grc'><strong>......</strong></span> 
     </span>
     <span class='ocr_line' id='line_1_3' title="bbox 251 632 1525 721; baseline -0.01 -15"><span class='ocrx_word' id='word_1_11' title='bbox 251 641 307 721; x_wconf 89' lang='lat' dir='ltr'><strong>ira,</strong></span> <span class='ocrx_word' id='word_1_12' title='bbox 324 643 385 707; x_wconf 89' lang='lat' dir='ltr'><strong>eto.</strong></span> <span class='ocrx_word' id='word_1_13' title='bbox 409 636 701 718; x_wconf 82' lang='lat' dir='ltr'><strong>Itanum-scriptis</strong></span> <span class='ocrx_word' id='word_1_14' title='bbox 735 634 889 709; x_wconf 87' lang='lat' dir='ltr'><strong>omuibus,</strong></span> <span class='ocrx_word' id='word_1_15' title='bbox 904 634 984 700; x_wconf 90' lang='lat' dir='ltr'><strong>mihi</strong></span> <span class='ocrx_word' id='word_1_16' title='bbox 1023 636 1107 701; x_wconf 86' lang='lat' dir='ltr'><strong>corte</strong></span> <span class='ocrx_word' id='word_1_17' title='bbox 1147 632 1277 715; x_wconf 83' lang='lat' dir='ltr'><strong>uulgata</strong></span> <span class='ocrx_word' id='word_1_18' title='bbox 1319 648 1418 716; x_wconf 80' lang='lat' dir='ltr'>nuper</span> <span class='ocrx_word' id='word_1_19' title='bbox 1463 645 1525 694; x_wconf 91' lang='lat' dir='ltr'><strong>uon</strong></span> 
     </span>
     <span class='ocr_line' id='line_1_4' title="bbox 251 729 1526 826; baseline -0.011 -18"><span class='ocrx_word' id='word_1_20' title='bbox 251 763 310 826; x_wconf 88' lang='lat' dir='ltr'><strong>que</strong></span> <span class='ocrx_word' id='word_1_21' title='bbox 333 743 418 826; x_wconf 88' lang='lat' dir='ltr'><strong>legi</strong></span> <span class='ocrx_word' id='word_1_22' title='bbox 445 742 655 822; x_wconf 81' lang='lat' dir='ltr'><strong>debetquae</strong></span> <span class='ocrx_word' id='word_1_23' title='bbox 678 739 758 806; x_wconf 90' lang='lat' dir='ltr'><strong>mihi</strong></span> <span class='ocrx_word' id='word_1_24' title='bbox 784 737 890 804; x_wconf 86' lang='lat' dir='ltr'><strong>videre</strong></span> <span class='ocrx_word' id='word_1_25' title='bbox 904 736 1098 818; x_wconf 72' lang='lat' dir='ltr'><strong>improbatur</strong></span> <span class='ocrx_word' id='word_1_26' title='bbox 1139 781 1256 800; x_wconf 91' lang='grc'><strong>......</strong></span> <span class='ocrx_word' id='word_1_27' title='bbox 1297 750 1407 798; x_wconf 87' lang='lat' dir='ltr'><strong>verum</strong></span> <span class='ocrx_word' id='word_1_28' title='bbox 1451 729 1526 810; x_wconf 89' lang='lat' dir='ltr'><strong>quia</strong></span> 
     </span>
     <span class='ocr_line' id='line_1_5' title="bbox 251 833 1525 924; baseline -0.013 -12"><span class='ocrx_word' id='word_1_29' title='bbox 251 847 336 912; x_wconf 87' lang='lat' dir='ltr'><strong>loeus</strong></span> <span class='ocrx_word' id='word_1_30' title='bbox 358 846 413 913; x_wconf 89' lang='lat' dir='ltr'><strong>ille</strong></span> <span class='ocrx_word' id='word_1_31' title='bbox 431 864 467 909; x_wconf 88' lang='lat' dir='ltr'><strong>ex</strong></span> <span class='ocrx_word' id='word_1_32' title='bbox 485 842 727 924; x_wconf 64' lang='lat' dir='ltr'><strong>autiecontigih</strong></span> <span class='ocrx_word' id='word_1_33' title='bbox 767 843 803 910; x_wconf 87' lang='lat' dir='ltr'><strong>ut</strong></span> <span class='ocrx_word' id='word_1_34' title='bbox 845 839 1035 907; x_wconf 90' lang='lat' dir='ltr'><strong>ibiomnia</strong></span> <span class='ocrx_word' id='word_1_35' title='bbox 1062 838 1219 920; x_wconf 86' lang='lat' dir='ltr'><strong>scripta</strong></span> <span class='ocrx_word' id='word_1_36' title='bbox 1250 835 1413 912; x_wconf 86' lang='lat' dir='ltr'><strong>habent,</strong></span> <span class='ocrx_word' id='word_1_37' title='bbox 1437 833 1525 915; x_wconf 86' lang='lat' dir='ltr'><strong>iuge</strong></span> 
     </span>
     <span class='ocr_line' id='line_1_6' title="bbox 252 936 1524 1031; baseline -0.011 -15"><span class='ocrx_word' id='word_1_38' title='bbox 252 950 321 1031; x_wconf 87' lang='lat' dir='ltr'><strong>quis</strong></span> <span class='ocrx_word' id='word_1_39' title='bbox 330 947 487 1016; x_wconf 82' lang='lat' dir='ltr'><strong>codicibus</strong></span> <span class='ocrx_word' id='word_1_40' title='bbox 495 961 565 1017; x_wconf 87' lang='lat' dir='ltr'><strong>nes.</strong></span> <span class='ocrx_word' id='word_1_41' title='bbox 579 947 734 1029; x_wconf 79' lang='lat' dir='ltr'><strong>dicemus,</strong></span> <span class='ocrx_word' id='word_1_42' title='bbox 764 943 890 1025; x_wconf 85' lang='lat' dir='ltr'><strong>auspice</strong></span> <span class='ocrx_word' id='word_1_43' title='bbox 905 945 980 1010; x_wconf 91' lang='lat' dir='ltr'><strong>rite</strong></span> <span class='ocrx_word' id='word_1_44' title='bbox 1000 943 1087 1010; x_wconf 89' lang='lat' dir='ltr'><strong>caret</strong></span> <span class='ocrx_word' id='word_1_45' title='bbox 1102 943 1162 1008; x_wconf 88' lang='lat' dir='ltr'><strong>etc.</strong></span> <span class='ocrx_word' id='word_1_46' title='bbox 1181 958 1243 1006; x_wconf 92' lang='lat' dir='ltr'><strong>nou</strong></span> <span class='ocrx_word' id='word_1_47' title='bbox 1259 939 1397 1006; x_wconf 78' lang='lat' dir='ltr'><strong>libenter</strong></span> <span class='ocrx_word' id='word_1_48' title='bbox 1420 936 1460 1002; x_wconf 92' lang='lat' dir='ltr'><strong>ab</strong></span> <span class='ocrx_word' id='word_1_49' title='bbox 1484 937 1524 1002; x_wconf 87' lang='lat' dir='ltr'><strong>iis</strong></span> 
     </span>
     <span class='ocr_line' id='line_1_7' title="bbox 251 1040 1265 1120; baseline -0.003 -4"><span class='ocrx_word' id='word_1_50' title='bbox 251 1059 286 1116; x_wconf 85' lang='lat' dir='ltr'><strong>ut</strong></span> <span class='ocrx_word' id='word_1_51' title='bbox 330 1051 376 1118; x_wconf 93' lang='lat' dir='ltr'><strong>ibi</strong></span> <span class='ocrx_word' id='word_1_52' title='bbox 427 1051 565 1116; x_wconf 88' lang='lat' dir='ltr'><strong>dicemus</strong></span> <span class='ocrx_word' id='word_1_53' title='bbox 576 1049 704 1120; x_wconf 74' lang='lat' dir='ltr'><strong>,Christo</strong></span> <span class='ocrx_word' id='word_1_54' title='bbox 734 1098 849 1114; x_wconf 91' lang='grc'><strong>......</strong></span> <span class='ocrx_word' id='word_1_55' title='bbox 854 1043 862 1066; x_wconf 83' lang='grc'><strong><em>’</em></strong></span> <span class='ocrx_word' id='word_1_56' title='bbox 907 1046 1108 1114; x_wconf 74' lang='lat' dir='ltr'><strong>dissentirem</strong></span> <span class='ocrx_word' id='word_1_57' title='bbox 1136 1091 1253 1112; x_wconf 86' lang='grc'><strong>......</strong></span> <span class='ocrx_word' id='word_1_58' title='bbox 1257 1040 1265 1064; x_wconf 85' lang='lat'><em>⁷</em></span> 
     </span>
    </p>

    <p class='ocr_par' dir='ltr' id='par_1_3' title="bbox 250 1147 562 1236">
     <span class='ocr_line' id='line_1_8' title="bbox 250 1147 562 1236; baseline -0.006 -16"><span class='ocrx_word' id='word_1_59' title='bbox 250 1155 374 1236; x_wconf 88' lang='lat' dir='ltr'><strong>auspice</strong></span> <span class='ocrx_word' id='word_1_60' title='bbox 419 1147 562 1218; x_wconf 72' lang='lat' dir='ltr'><strong>Christo!</strong></span> 
     </span>
    </p>
   </div>
   <div class='ocr_carea' id='block_1_3' title="bbox 209 1297 1596 2202">
    <p class='ocr_par' dir='ltr' id='par_1_4' title="bbox 267 1297 1507 1596">
     <span class='ocr_line' id='line_1_9' title="bbox 370 1297 1507 1390; baseline -0.01 -17"><span class='ocrx_word' id='word_1_61' title='bbox 370 1309 454 1374; x_wconf 87' lang='lat' dir='ltr'><strong>Huic</strong></span> <span class='ocrx_word' id='word_1_62' title='bbox 477 1319 598 1390; x_wconf 87' lang='lat' dir='ltr'><strong>quoque</strong></span> <span class='ocrx_word' id='word_1_63' title='bbox 622 1307 688 1372; x_wconf 85' lang='lat' dir='ltr'><strong>loco</strong></span> <span class='ocrx_word' id='word_1_64' title='bbox 710 1306 792 1370; x_wconf 88' lang='lat' dir='ltr'><strong>nihil</strong></span> <span class='ocrx_word' id='word_1_65' title='bbox 813 1323 939 1390; x_wconf 88' lang='lat' dir='ltr'><strong>prorsus</strong></span> <span class='ocrx_word' id='word_1_66' title='bbox 963 1304 1055 1386; x_wconf 91' lang='lat' dir='ltr'><strong>inest,</strong></span> <span class='ocrx_word' id='word_1_67' title='bbox 1091 1322 1146 1368; x_wconf 88' lang='lat' dir='ltr'><strong>cur</strong></span> <span class='ocrx_word' id='word_1_68' title='bbox 1180 1300 1354 1384; x_wconf 84' lang='lat' dir='ltr'><strong>Oraquium</strong></span> <span class='ocrx_word' id='word_1_69' title='bbox 1387 1297 1507 1364; x_wconf 82' lang='lat' dir='ltr'><strong>falsarii</strong></span> 
     </span>
     <span class='ocr_line' id='line_1_10' title="bbox 267 1397 1503 1494; baseline -0.008 -18"><span class='ocrx_word' id='word_1_70' title='bbox 267 1411 391 1478; x_wconf 89' lang='lat' dir='ltr'><strong>nomine</strong></span> <span class='ocrx_word' id='word_1_71' title='bbox 414 1412 653 1494; x_wconf 70' lang='lat' dir='ltr'><strong>compellemus,</strong></span> <span class='ocrx_word' id='word_1_72' title='bbox 677 1428 752 1475; x_wconf 88' lang='lat' dir='ltr'><strong>nam</strong></span> <span class='ocrx_word' id='word_1_73' title='bbox 775 1397 856 1491; x_wconf 87' lang='lat' dir='ltr'><strong>quod</strong></span> <span class='ocrx_word' id='word_1_74' title='bbox 873 1406 925 1472; x_wconf 81' lang='lat' dir='ltr'><strong>‘ex</strong></span> <span class='ocrx_word' id='word_1_75' title='bbox 947 1406 1086 1488; x_wconf 89' lang='lat' dir='ltr'><strong>antiquis</strong></span> <span class='ocrx_word' id='word_1_76' title='bbox 1104 1404 1265 1470; x_wconf 88' lang='lat' dir='ltr'><strong>codicibus</strong></span> <span class='ocrx_word' id='word_1_77' title='bbox 1281 1403 1345 1490; x_wconf 84' lang='lat' dir='ltr'><strong>legi</strong></span> <span class='ocrx_word' id='word_1_78' title='bbox 1370 1399 1503 1468; x_wconf 86' lang='lat' dir='ltr'><strong>dobet&#39;</strong></span> 
     </span>
     <span class='ocr_line' id='line_1_11' title="bbox 267 1505 1222 1596; baseline -0.008 -16"><span class='ocrx_word' id='word_1_79' title='bbox 267 1534 327 1581; x_wconf 89' lang='lat' dir='ltr'><strong>non</strong></span> <span class='ocrx_word' id='word_1_80' title='bbox 349 1515 434 1580; x_wconf 92' lang='lat' dir='ltr'><strong>idem</strong></span> <span class='ocrx_word' id='word_1_81' title='bbox 458 1517 515 1593; x_wconf 91' lang='lat' dir='ltr'><strong>est,</strong></span> <span class='ocrx_word' id='word_1_82' title='bbox 540 1513 677 1596; x_wconf 84' lang='lat' dir='ltr'><strong>quodne</strong></span> <span class='ocrx_word' id='word_1_83' title='bbox 702 1531 774 1576; x_wconf 84' lang='lat' dir='ltr'><strong>vera</strong></span> <span class='ocrx_word' id='word_1_84' title='bbox 791 1505 974 1595; x_wconf 80' lang='lat' dir='ltr'><strong>‘legitur’</strong></span> <span class='ocrx_word' id='word_1_85' title='bbox 998 1511 1031 1574; x_wconf 93' lang='lat' dir='ltr'><strong>iu</strong></span> <span class='ocrx_word' id='word_1_86' title='bbox 1053 1507 1222 1574; x_wconf 83' lang='lat' dir='ltr'><strong>codicibus.</strong></span> 
     </span>
    </p>

    <p class='ocr_par' dir='ltr' id='par_1_5' title="bbox 209 1611 1596 1908">
     <span class='ocr_line' id='line_1_12' title="bbox 369 1611 1506 1694; baseline -0.007 -12"><span class='ocrx_word' id='word_1_87' title='bbox 369 1619 510 1683; x_wconf 83' lang='lat' dir='ltr'><strong>Eundem</strong></span> <span class='ocrx_word' id='word_1_88' title='bbox 544 1619 576 1682; x_wconf 93' lang='lat' dir='ltr'><strong>in</strong></span> <span class='ocrx_word' id='word_1_89' title='bbox 609 1615 738 1681; x_wconf 90' lang='lat' dir='ltr'><strong>modum</strong></span> <span class='ocrx_word' id='word_1_90' title='bbox 773 1615 812 1680; x_wconf 92' lang='lat' dir='ltr'><strong>ad</strong></span> <span class='ocrx_word' id='word_1_91' title='bbox 846 1614 911 1681; x_wconf 83' lang='lat' dir='ltr'><strong>Sat.</strong></span> <span class='ocrx_word' id='word_1_92' title='bbox 946 1615 980 1678; x_wconf 90' lang='lat' dir='ltr'><strong>Il</strong></span> <span class='ocrx_word' id='word_1_93' title='bbox 1009 1615 1040 1693; x_wconf 85' lang='lat'><strong>6,</strong></span> <span class='ocrx_word' id='word_1_94' title='bbox 1063 1611 1117 1677; x_wconf 85' lang='grc'><strong>44.</strong></span> <span class='ocrx_word' id='word_1_95' title='bbox 1140 1612 1306 1678; x_wconf 85' lang='lat' dir='ltr'><strong>discrimen</strong></span> <span class='ocrx_word' id='word_1_96' title='bbox 1341 1611 1506 1694; x_wconf 78' lang='lat' dir='ltr'><strong>quoddam,</strong></span> 
     </span>
     <span class='ocr_line' id='line_1_13' title="bbox 209 1716 1508 1802; baseline -0.004 -16"><span class='ocrx_word' id='word_1_97' title='bbox 209 1768 212 1774; x_wconf 84' lang='lat'><em>-</em></span> <span class='ocrx_word' id='word_1_98' title='bbox 267 1721 349 1802; x_wconf 90' lang='lat' dir='ltr'><strong>quod</strong></span> <span class='ocrx_word' id='word_1_99' title='bbox 370 1721 537 1786; x_wconf 79' lang='lat' dir='ltr'><strong>intercedit</strong></span> <span class='ocrx_word' id='word_1_100' title='bbox 558 1719 641 1791; x_wconf 88' lang='lat' dir='ltr'><strong>inter</strong></span> <span class='ocrx_word' id='word_1_101' title='bbox 664 1719 808 1802; x_wconf 88' lang='lat' dir='ltr'><strong>singulas</strong></span> <span class='ocrx_word' id='word_1_102' title='bbox 838 1719 1002 1794; x_wconf 87' lang='lat' dir='ltr'><strong>editiones,</strong></span> <span class='ocrx_word' id='word_1_103' title='bbox 1037 1717 1124 1782; x_wconf 86' lang='lat' dir='ltr'><strong>facili</strong></span> <span class='ocrx_word' id='word_1_104' title='bbox 1154 1716 1278 1799; x_wconf 88' lang='lat' dir='ltr'><strong>negotio</strong></span> <span class='ocrx_word' id='word_1_105' title='bbox 1302 1716 1452 1800; x_wconf 84' lang='lat' dir='ltr'><strong>explicari</strong></span> <span class='ocrx_word' id='word_1_106' title='bbox 1476 1722 1508 1782; x_wconf 90' lang='lat' dir='ltr'><strong>et</strong></span> 
     </span>
     <span class='ocr_line' id='line_1_14' title="bbox 266 1816 1596 1908; baseline -0.007 -16"><span class='ocrx_word' id='word_1_107' title='bbox 266 1829 416 1894; x_wconf 85' lang='lat' dir='ltr'><strong>removeri</strong></span> <span class='ocrx_word' id='word_1_108' title='bbox 438 1843 542 1908; x_wconf 85' lang='lat' dir='ltr'><strong>posse,</strong></span> <span class='ocrx_word' id='word_1_109' title='bbox 565 1825 650 1892; x_wconf 82' lang='lat' dir='ltr'><strong>infra</strong></span> <span class='ocrx_word' id='word_1_110' title='bbox 672 1823 991 1903; x_wconf 59' lang='lat' dir='ltr'><strong>demonstrabilem).</strong></span> <span class='ocrx_word' id='word_1_111' title='bbox 1591 1816 1596 1829; x_wconf 82' lang='grc'><em>“</em></span> 
     </span>
    </p>

    <p class='ocr_par' dir='ltr' id='par_1_6' title="bbox 266 1923 1506 2202">
     <span class='ocr_line' id='line_1_15' title="bbox 369 1923 1506 2018; baseline -0.005 -24"><span class='ocrx_word' id='word_1_112' title='bbox 369 1929 429 1994; x_wconf 83' lang='lat' dir='ltr'><strong>Sed</strong></span> <span class='ocrx_word' id='word_1_113' title='bbox 452 1932 542 2011; x_wconf 88' lang='lat' dir='ltr'><strong>louge</strong></span> <span class='ocrx_word' id='word_1_114' title='bbox 565 1929 658 1994; x_wconf 89' lang='lat' dir='ltr'><strong>aliter</strong></span> <span class='ocrx_word' id='word_1_115' title='bbox 680 1927 782 2011; x_wconf 89' lang='lat' dir='ltr'><strong>primo</strong></span> <span class='ocrx_word' id='word_1_116' title='bbox 806 1927 933 2009; x_wconf 91' lang='lat' dir='ltr'><strong>quidem</strong></span> <span class='ocrx_word' id='word_1_117' title='bbox 956 1928 1070 1994; x_wconf 89' lang='lat' dir='ltr'><strong>obtutu</strong></span> <span class='ocrx_word' id='word_1_118' title='bbox 1092 1944 1142 1991; x_wconf 89' lang='lat' dir='ltr'><strong>res</strong></span> <span class='ocrx_word' id='word_1_119' title='bbox 1165 1926 1198 1990; x_wconf 86' lang='lat' dir='ltr'><strong>se</strong></span> <span class='ocrx_word' id='word_1_120' title='bbox 1220 1924 1336 1990; x_wconf 85' lang='lat' dir='ltr'><strong>habere</strong></span> <span class='ocrx_word' id='word_1_121' title='bbox 1352 1923 1506 2018; x_wconf 65' lang='lat' dir='ltr'><strong>videatur,</strong></span> 
     </span>
     <span class='ocr_line' id='line_1_16' title="bbox 266 2027 1506 2115; baseline -0.005 -17"><span class='ocrx_word' id='word_1_122' title='bbox 266 2033 293 2098; x_wconf 92' lang='lat' dir='ltr'><strong>si</strong></span> <span class='ocrx_word' id='word_1_123' title='bbox 328 2031 399 2115; x_wconf 89' lang='lat' dir='ltr'><strong>quie</strong></span> <span class='ocrx_word' id='word_1_124' title='bbox 432 2032 647 2100; x_wconf 80' lang='lat' dir='ltr'><strong>adnotationes</strong></span> <span class='ocrx_word' id='word_1_125' title='bbox 680 2033 720 2096; x_wconf 89' lang='lat' dir='ltr'><strong>ad</strong></span> <span class='ocrx_word' id='word_1_126' title='bbox 752 2029 786 2098; x_wconf 79' lang='lat' dir='ltr'><strong>d.</strong></span> <span class='ocrx_word' id='word_1_127' title='bbox 810 2029 879 2096; x_wconf 81' lang='grc' dir='ltr'>[ΙΙΙ</span> <span class='ocrx_word' id='word_1_128' title='bbox 914 2030 944 2107; x_wconf 90' lang='grc'><strong>6,</strong></span> <span class='ocrx_word' id='word_1_129' title='bbox 975 2031 1027 2096; x_wconf 83' lang='grc'><strong>28.</strong></span> <span class='ocrx_word' id='word_1_130' title='bbox 1067 2027 1260 2110; x_wconf 87' lang='lat' dir='ltr'><strong>conscriptes</strong></span> <span class='ocrx_word' id='word_1_131' title='bbox 1283 2028 1318 2094; x_wconf 94' lang='lat' dir='ltr'><strong>in</strong></span> <span class='ocrx_word' id='word_1_132' title='bbox 1355 2029 1506 2092; x_wconf 82' lang='lat' dir='ltr'><strong>auxilium</strong></span> 
     </span>
     <span class='ocr_line' id='line_1_17' title="bbox 267 2135 494 2202; baseline 0.013 -3"><span class='ocrx_word' id='word_1_133' title='bbox 267 2154 375 2202; x_wconf 88' lang='lat' dir='ltr'><strong>vocare</strong></span> <span class='ocrx_word' id='word_1_134' title='bbox 400 2135 494 2202; x_wconf 85' lang='lat' dir='ltr'><strong>velit:</strong></span> 
     </span>
    </p>
   </div>
   <div class='ocr_carea' id='block_1_4' title="bbox 298 2247 1505 2356">
    <p class='ocr_par' dir='ltr' id='par_1_7' title="bbox 298 2247 1505 2356">
     <span class='ocr_line' id='line_1_18' title="bbox 298 2247 1505 2356; baseline -0.005 -18"><span class='ocrx_word' id='word_1_135' title='bbox 298 2277 344 2340; x_wconf 77' lang='lat' dir='ltr'><strong>en.</strong></span> <span class='ocrx_word' id='word_1_136' title='bbox 370 2271 463 2340; x_wconf 81' lang='lat' dir='ltr'><strong>noes.</strong></span> <span class='ocrx_word' id='word_1_137' title='bbox 486 2293 516 2356; x_wconf 80' lang='lat' dir='ltr'><strong>p.</strong></span> <span class='ocrx_word' id='word_1_138' title='bbox 542 2271 582 2338; x_wconf 84' lang='lat' dir='ltr'><strong>re</strong></span> <span class='ocrx_word' id='word_1_139' title='bbox 605 2291 669 2356; x_wconf 83' lang='lat' dir='ltr'><strong>sq.:</strong></span> <span class='ocrx_word' id='word_1_140' title='bbox 852 2247 898 2338; x_wconf 72' lang='lat' dir='ltr'><strong>lu.</strong></span> <span class='ocrx_word' id='word_1_141' title='bbox 927 2273 1018 2338; x_wconf 81' lang='lat' dir='ltr'><strong>nsua.</strong></span> <span class='ocrx_word' id='word_1_142' title='bbox 1043 2291 1073 2353; x_wconf 81' lang='lat' dir='ltr'><strong>p.</strong></span> <span class='ocrx_word' id='word_1_143' title='bbox 1096 2271 1177 2336; x_wconf 78' lang='lat' dir='ltr'><strong>cce:</strong></span> <span class='ocrx_word' id='word_1_144' title='bbox 1335 2271 1382 2334; x_wconf 74' lang='lat' dir='ltr'><strong>es.</strong></span> <span class='ocrx_word' id='word_1_145' title='bbox 1409 2266 1505 2336; x_wconf 82' lang='lat' dir='ltr'><strong>rare.</strong></span> 
     </span>
    </p>
   </div>
   <div class='ocr_carea' id='block_1_5' title="bbox 244 2371 1528 4230">
    <p class='ocr_par' dir='ltr' id='par_1_8' title="bbox 244 2371 1528 4126">
     <span class='ocr_line' id='line_1_19' title="bbox 244 2371 1524 2476; baseline -0.004 -17"><span class='ocrx_word' id='word_1_146' title='bbox 244 2391 360 2460; x_wconf 80' lang='lat' dir='ltr'><strong>‘Codex</strong></span> <span class='ocrx_word' id='word_1_147' title='bbox 399 2393 511 2458; x_wconf 90' lang='lat' dir='ltr'><strong>Bland.</strong></span> <span class='ocrx_word' id='word_1_148' title='bbox 549 2382 840 2474; x_wconf 76' lang='lat' dir='ltr'><strong>antiquiss‘Godex</strong></span> <span class='ocrx_word' id='word_1_149' title='bbox 857 2392 968 2457; x_wconf 90' lang='lat' dir='ltr'><strong>Bland.</strong></span> <span class='ocrx_word' id='word_1_150' title='bbox 984 2392 1082 2476; x_wconf 83' lang='lat' dir='ltr'><strong>antiq.</strong></span> <span class='ocrx_word' id='word_1_151' title='bbox 1105 2391 1200 2456; x_wconf 86' lang='lat' dir='ltr'><strong>habet</strong></span> <span class='ocrx_word' id='word_1_152' title='bbox 1223 2390 1296 2454; x_wconf 84' lang='lat' dir='ltr'><strong>lac·</strong></span> <span class='ocrx_word' id='word_1_153' title='bbox 1312 2392 1341 2455; x_wconf 79' lang='lat' dir='ltr'><strong>P·</strong></span> <span class='ocrx_word' id='word_1_154' title='bbox 1378 2371 1452 2440; x_wconf 77' lang='lat'><strong>537·</strong></span> <span class='ocrx_word' id='word_1_155' title='bbox 1484 2371 1524 2438; x_wconf 65' lang='lat' dir='ltr'><strong>Ad</strong></span> 
     </span>
     <span class='ocr_line' id='line_1_20' title="bbox 249 2476 1523 2579; baseline -0.004 -19"><span class='ocrx_word' id='word_1_156' title='bbox 249 2498 345 2562; x_wconf 90' lang='lat' dir='ltr'><strong>habet</strong></span> <span class='ocrx_word' id='word_1_157' title='bbox 372 2495 523 2560; x_wconf 79' lang='lat' dir='ltr'><strong>Laetus</strong></span> <span class='ocrx_word' id='word_1_158' title='bbox 546 2496 713 2579; x_wconf 68' lang='lat' dir='ltr'><strong>Agyieu.</strong></span> <span class='ocrx_word' id='word_1_159' title='bbox 728 2500 791 2560; x_wconf 84' lang='lat' dir='ltr'><strong>tara</strong></span> <span class='ocrx_word' id='word_1_160' title='bbox 813 2493 997 2578; x_wconf 74' lang='lat' dir='ltr'><strong>Apytteu.</strong></span> <span class='ocrx_word' id='word_1_161' title='bbox 1023 2497 1098 2560; x_wconf 88' lang='lat' dir='ltr'><strong>olim</strong></span> <span class='ocrx_word' id='word_1_162' title='bbox 1127 2513 1197 2558; x_wconf 87' lang='lat' dir='ltr'><strong>oum</strong></span> <span class='ocrx_word' id='word_1_163' title='bbox 1221 2476 1448 2558; x_wconf 69' lang='lat' dir='ltr'><strong>vinolio-16,</strong></span> <span class='ocrx_word' id='word_1_164' title='bbox 1465 2476 1523 2542; x_wconf 72' lang='lat'><strong>62³</strong></span> 
     </span>
     <span class='ocr_line' id='line_1_21' title="bbox 250 2595 1524 2683; baseline -0.005 -17"><span class='ocrx_word' id='word_1_165' title='bbox 250 2619 326 2682; x_wconf 89' lang='lat' dir='ltr'><strong>quaa</strong></span> <span class='ocrx_word' id='word_1_166' title='bbox 359 2600 451 2668; x_wconf 90' lang='lat' dir='ltr'><strong>lectio</strong></span> <span class='ocrx_word' id='word_1_167' title='bbox 487 2603 716 2683; x_wconf 72' lang='grc' dir='ltr'><strong>,συλληπτικῶς</strong></span> <span class='ocrx_word' id='word_1_168' title='bbox 730 2600 919 2664; x_wconf 85' lang='lat' dir='ltr'><strong>doctissimis</strong></span> <span class='ocrx_word' id='word_1_169' title='bbox 942 2617 997 2681; x_wconf 90' lang='lat' dir='ltr'><strong>pro</strong></span> <span class='ocrx_word' id='word_1_170' title='bbox 1015 2599 1164 2682; x_wconf 81' lang='lat' dir='ltr'><strong>Agylleus</strong></span> <span class='ocrx_word' id='word_1_171' title='bbox 1187 2595 1416 2681; x_wconf 74' lang='lat' dir='ltr'><strong>seripei‘eada</strong></span> <span class='ocrx_word' id='word_1_172' title='bbox 1448 2615 1524 2662; x_wconf 84' lang='lat' dir='ltr'><strong>cero</strong></span> 
     </span>
     <span class='ocr_line' id='line_1_22' title="bbox 249 2700 1524 2786; baseline -0.004 -18"><span class='ocrx_word' id='word_1_173' title='bbox 249 2721 318 2770; x_wconf 92' lang='lat' dir='ltr'><strong>meo</strong></span> <span class='ocrx_word' id='word_1_174' title='bbox 330 2704 445 2770; x_wconf 90' lang='lat' dir='ltr'><strong>iudicio</strong></span> <span class='ocrx_word' id='word_1_175' title='bbox 456 2723 515 2770; x_wconf 93' lang='lat' dir='ltr'><strong>non</strong></span> <span class='ocrx_word' id='word_1_176' title='bbox 529 2703 634 2784; x_wconf 88' lang='lat' dir='ltr'><strong>inepte</strong></span> <span class='ocrx_word' id='word_1_177' title='bbox 643 2702 716 2766; x_wconf 92' lang='lat' dir='ltr'><strong>huic</strong></span> <span class='ocrx_word' id='word_1_178' title='bbox 730 2703 876 2786; x_wconf 87' lang='lat' dir='ltr'><strong>Agyieus,</strong></span> <span class='ocrx_word' id='word_1_179' title='bbox 902 2704 1043 2768; x_wconf 89' lang='lat' dir='ltr'><strong>eontra</strong></span> <span class='ocrx_word' id='word_1_180' title='bbox 1066 2721 1297 2768; x_wconf 87' lang='lat' dir='ltr'><strong>eonsensum</strong></span> <span class='ocrx_word' id='word_1_181' title='bbox 1318 2750 1434 2768; x_wconf 91' lang='grc'><strong><em>......</em></strong></span> <span class='ocrx_word' id='word_1_182' title='bbox 1474 2700 1524 2764; x_wconf 90' lang='lat' dir='ltr'><strong>hio</strong></span> 
     </span>
     <span class='ocr_line' id='line_1_23' title="bbox 249 2805 1525 2888; baseline -0.003 -16"><span class='ocrx_word' id='word_1_183' title='bbox 249 2809 315 2875; x_wconf 90' lang='lat' dir='ltr'><strong>loco</strong></span> <span class='ocrx_word' id='word_1_184' title='bbox 336 2807 489 2886; x_wconf 88' lang='lat' dir='ltr'><strong>convenit,</strong></span> <span class='ocrx_word' id='word_1_185' title='bbox 508 2809 716 2888; x_wconf 87' lang='lat' dir='ltr'><strong>eumpropter</strong></span> <span class='ocrx_word' id='word_1_186' title='bbox 729 2807 903 2872; x_wconf 91' lang='lat' dir='ltr'><strong>omnium</strong></span> <span class='ocrx_word' id='word_1_187' title='bbox 926 2806 1166 2888; x_wconf 87' lang='lat' dir='ltr'><strong>scriptorum</strong></span> <span class='ocrx_word' id='word_1_188' title='bbox 1193 2805 1295 2870; x_wconf 83' lang='lat' dir='ltr'><strong>oodi·</strong></span> <span class='ocrx_word' id='word_1_189' title='bbox 1311 2822 1525 2887; x_wconf 89' lang='lat' dir='ltr'><strong>quoqueprop·</strong></span> 
     </span>
     <span class='ocr_line' id='line_1_24' title="bbox 249 2905 1522 2992; baseline -0.004 -18"><span class='ocrx_word' id='word_1_190' title='bbox 249 2909 715 2992; x_wconf 89' lang='lat' dir='ltr'><strong>ludossaeoulareis,tumprop·</strong></span> <span class='ocrx_word' id='word_1_191' title='bbox 731 2928 830 2986; x_wconf 88' lang='lat' dir='ltr'><strong>oum,</strong></span> <span class='ocrx_word' id='word_1_192' title='bbox 858 2909 966 2974; x_wconf 91' lang='lat' dir='ltr'><strong>uolens</strong></span> <span class='ocrx_word' id='word_1_193' title='bbox 993 2907 1159 2974; x_wconf 87' lang='lat' dir='ltr'><strong>dissentire</strong></span> <span class='ocrx_word' id='word_1_194' title='bbox 1189 2910 1297 2974; x_wconf 87' lang='lat' dir='ltr'><strong>atam</strong></span> <span class='ocrx_word' id='word_1_195' title='bbox 1312 2910 1361 2972; x_wconf 89' lang='lat' dir='ltr'><strong>ter</strong></span> <span class='ocrx_word' id='word_1_196' title='bbox 1386 2905 1522 2973; x_wconf 89' lang='lat' dir='ltr'><strong>occasio-</strong></span> 
     </span>
     <span class='ocr_line' id='line_1_25' title="bbox 250 3011 1528 3093; baseline -0.005 -13"><span class='ocrx_word' id='word_1_197' title='bbox 250 3015 298 3080; x_wconf 91' lang='lat' dir='ltr'><strong>ter</strong></span> <span class='ocrx_word' id='word_1_198' title='bbox 320 3031 408 3080; x_wconf 87' lang='lat' dir='ltr'><strong>sacra</strong></span> <span class='ocrx_word' id='word_1_199' title='bbox 435 3017 466 3078; x_wconf 89' lang='lat' dir='ltr'><strong>iu</strong></span> <span class='ocrx_word' id='word_1_200' title='bbox 484 3013 543 3080; x_wconf 82' lang='lat' dir='ltr'><strong>riis</strong></span> <span class='ocrx_word' id='word_1_201' title='bbox 560 3033 615 3080; x_wconf 88' lang='lat' dir='ltr'><strong>seu</strong></span> <span class='ocrx_word' id='word_1_202' title='bbox 630 3012 716 3076; x_wconf 85' lang='lat' dir='ltr'><strong>villis</strong></span> <span class='ocrx_word' id='word_1_203' title='bbox 731 3012 841 3078; x_wconf 91' lang='lat' dir='ltr'><strong>multis</strong></span> <span class='ocrx_word' id='word_1_204' title='bbox 876 3013 953 3078; x_wconf 87' lang='lat' dir='ltr'><strong>viris</strong></span> <span class='ocrx_word' id='word_1_205' title='bbox 987 3012 1102 3092; x_wconf 83' lang='lat' dir='ltr'><strong>lectio,</strong></span> <span class='ocrx_word' id='word_1_206' title='bbox 1136 3030 1211 3093; x_wconf 91' lang='lat' dir='ltr'><strong>quos</strong></span> <span class='ocrx_word' id='word_1_207' title='bbox 1244 3011 1297 3076; x_wconf 89' lang='lat' dir='ltr'><strong>iti·</strong></span> <span class='ocrx_word' id='word_1_208' title='bbox 1312 3029 1528 3092; x_wconf 86' lang='lat' dir='ltr'><strong>nempraeeen·</strong></span> 
     </span>
     <span class='ocr_line' id='line_1_26' title="bbox 250 3113 1522 3200; baseline -0.006 -16"><span class='ocrx_word' id='word_1_209' title='bbox 250 3115 393 3200; x_wconf 83' lang='lat' dir='ltr'><strong>Apollini</strong></span> <span class='ocrx_word' id='word_1_210' title='bbox 432 3116 597 3182; x_wconf 89' lang='lat' dir='ltr'><strong>celebrata.</strong></span> <span class='ocrx_word' id='word_1_211' title='bbox 636 3135 715 3197; x_wconf 86' lang='lat' dir='ltr'><strong>quae</strong></span> <span class='ocrx_word' id='word_1_212' title='bbox 730 3116 811 3180; x_wconf 90' lang='lat' dir='ltr'><strong>neris</strong></span> <span class='ocrx_word' id='word_1_213' title='bbox 839 3115 986 3182; x_wconf 88' lang='lat' dir='ltr'><strong>litterarii</strong></span> <span class='ocrx_word' id='word_1_214' title='bbox 1016 3115 1096 3180; x_wconf 92' lang='lat' dir='ltr'><strong>mihi</strong></span> <span class='ocrx_word' id='word_1_215' title='bbox 1125 3115 1213 3181; x_wconf 82' lang='lat' dir='ltr'><strong>velut</strong></span> <span class='ocrx_word' id='word_1_216' title='bbox 1241 3117 1298 3179; x_wconf 76' lang='lat' dir='ltr'><strong>do·</strong></span> <span class='ocrx_word' id='word_1_217' title='bbox 1313 3116 1379 3179; x_wconf 90' lang='lat' dir='ltr'><strong>tem</strong></span> <span class='ocrx_word' id='word_1_218' title='bbox 1407 3113 1522 3178; x_wconf 86' lang='lat' dir='ltr'><strong>adden·</strong></span> 
     </span>
     <span class='ocr_line' id='line_1_27' title="bbox 250 3217 1522 3303; baseline -0.004 -19"><span class='ocrx_word' id='word_1_219' title='bbox 250 3219 342 3286; x_wconf 87' lang='lat' dir='ltr'><strong>illum</strong></span> <span class='ocrx_word' id='word_1_220' title='bbox 370 3220 459 3302; x_wconf 87' lang='lat' dir='ltr'><strong>quasi</strong></span> <span class='ocrx_word' id='word_1_221' title='bbox 490 3220 713 3296; x_wconf 86' lang='lat' dir='ltr'><strong>commoneant,</strong></span> <span class='ocrx_word' id='word_1_222' title='bbox 729 3220 886 3302; x_wconf 70' lang='lat' dir='ltr'><strong>dprrtcrcg</strong></span> <span class='ocrx_word' id='word_1_223' title='bbox 915 3222 1066 3303; x_wconf 83' lang='lat' dir='ltr'><strong>quosdam</strong></span> <span class='ocrx_word' id='word_1_224' title='bbox 1088 3237 1212 3300; x_wconf 86' lang='lat' dir='ltr'><strong>semper</strong></span> <span class='ocrx_word' id='word_1_225' title='bbox 1246 3237 1298 3284; x_wconf 81' lang='lat' dir='ltr'><strong>ye-</strong></span> <span class='ocrx_word' id='word_1_226' title='bbox 1314 3217 1390 3282; x_wconf 91' lang='lat' dir='ltr'><strong>dum</strong></span> <span class='ocrx_word' id='word_1_227' title='bbox 1401 3217 1522 3300; x_wconf 90' lang='lat' dir='ltr'><strong>putaui,</strong></span> 
     </span>
     <span class='ocr_line' id='line_1_28' title="bbox 250 3319 1524 3405; baseline -0.004 -16"><span class='ocrx_word' id='word_1_228' title='bbox 250 3322 715 3405; x_wconf 82' lang='lat' dir='ltr'><strong>atquehilaritateperluudaut.</strong></span> <span class='ocrx_word' id='word_1_229' title='bbox 729 3334 832 3386; x_wconf 88' lang='lat' dir='ltr'><strong>neror:</strong></span> <span class='ocrx_word' id='word_1_230' title='bbox 864 3321 962 3404; x_wconf 86' lang='lat' dir='ltr'><strong>Atqui</strong></span> <span class='ocrx_word' id='word_1_231' title='bbox 996 3341 1055 3388; x_wconf 91' lang='lat' dir='ltr'><strong>uon</strong></span> <span class='ocrx_word' id='word_1_232' title='bbox 1090 3321 1165 3387; x_wconf 89' lang='lat' dir='ltr'><strong>adeo</strong></span> <span class='ocrx_word' id='word_1_233' title='bbox 1200 3341 1300 3404; x_wconf 86' lang='lat' dir='ltr'><strong>nuper</strong></span> <span class='ocrx_word' id='word_1_234' title='bbox 1314 3319 1388 3386; x_wconf 89' lang='lat' dir='ltr'><strong>licet</strong></span> <span class='ocrx_word' id='word_1_235' title='bbox 1437 3323 1524 3384; x_wconf 86' lang='lat' dir='ltr'><strong>extra</strong></span> 
     </span>
     <span class='ocr_line' id='line_1_29' title="bbox 250 3371 1525 3508; baseline -0.005 -16"><span class='ocrx_word' id='word_1_236' title='bbox 250 3426 400 3508; x_wconf 74' lang='lat' dir='ltr'><strong>Appiana.</strong></span> <span class='ocrx_word' id='word_1_237' title='bbox 416 3427 572 3508; x_wconf 88' lang='lat' dir='ltr'><strong>Apollinis</strong></span> <span class='ocrx_word' id='word_1_238' title='bbox 585 3425 713 3508; x_wconf 79' lang='lat' dir='ltr'><strong>Epithe·</strong></span> <span class='ocrx_word' id='word_1_239' title='bbox 730 3425 868 3490; x_wconf 85' lang='lat' dir='ltr'><strong>incidens</strong></span> <span class='ocrx_word' id='word_1_240' title='bbox 905 3404 986 3491; x_wconf 82' lang='lat' dir='ltr'><strong>torte</strong></span> <span class='ocrx_word' id='word_1_241' title='bbox 1023 3426 1055 3490; x_wconf 91' lang='lat' dir='ltr'><strong>in</strong></span> <span class='ocrx_word' id='word_1_242' title='bbox 1092 3425 1169 3490; x_wconf 90' lang='lat' dir='ltr'><strong>haec</strong></span> <span class='ocrx_word' id='word_1_243' title='bbox 1205 3371 1525 3508; x_wconf 54' lang='lat' dir='ltr'><strong>verba&#39;ordiuemme</strong></span> 
     </span>
     <span class='ocr_line' id='line_1_30' title="bbox 250 3525 1523 3612; baseline -0.005 -18"><span class='ocrx_word' id='word_1_244' title='bbox 250 3534 315 3606; x_wconf 89' lang='lat' dir='ltr'><strong>ton,</strong></span> <span class='ocrx_word' id='word_1_245' title='bbox 333 3530 422 3612; x_wconf 88' lang='lat' dir='ltr'><strong>quasi</strong></span> <span class='ocrx_word' id='word_1_246' title='bbox 441 3529 567 3606; x_wconf 86' lang='lat' dir='ltr'><strong>viarius,</strong></span> <span class='ocrx_word' id='word_1_247' title='bbox 585 3547 640 3592; x_wconf 90' lang='lat' dir='ltr'><strong>seu</strong></span> <span class='ocrx_word' id='word_1_248' title='bbox 656 3528 715 3592; x_wconf 90' lang='lat' dir='ltr'><strong>vil·</strong></span> <span class='ocrx_word' id='word_1_249' title='bbox 730 3528 890 3594; x_wconf 82' lang='lat' dir='ltr'><strong>Strabonis</strong></span> <span class='ocrx_word' id='word_1_250' title='bbox 906 3529 960 3594; x_wconf 92' lang='lat' dir='ltr'><strong>lib.</strong></span> <span class='ocrx_word' id='word_1_251' title='bbox 977 3527 1069 3594; x_wconf 81' lang='lat' dir='ltr'><strong>5.In</strong></span> <span class='ocrx_word' id='word_1_252' title='bbox 1084 3527 1187 3612; x_wconf 86' lang='lat' dir='ltr'><strong>pythii</strong></span> <span class='ocrx_word' id='word_1_253' title='bbox 1204 3527 1296 3609; x_wconf 89' lang='lat' dir='ltr'><strong>Apol·</strong></span> <span class='ocrx_word' id='word_1_254' title='bbox 1314 3545 1387 3592; x_wconf 91' lang='lat' dir='ltr'><strong>cum</strong></span> <span class='ocrx_word' id='word_1_255' title='bbox 1413 3525 1523 3590; x_wconf 89' lang='lat' dir='ltr'><strong>multis</strong></span> 
     </span>
     <span class='ocr_line' id='line_1_31' title="bbox 249 3628 1523 3716; baseline -0.007 -17"><span class='ocrx_word' id='word_1_256' title='bbox 249 3635 358 3700; x_wconf 90' lang='lat' dir='ltr'><strong>lanus:</strong></span> <span class='ocrx_word' id='word_1_257' title='bbox 371 3635 444 3715; x_wconf 88' lang='lat' dir='ltr'><strong>quia</strong></span> <span class='ocrx_word' id='word_1_258' title='bbox 456 3635 487 3698; x_wconf 94' lang='lat' dir='ltr'><strong>in</strong></span> <span class='ocrx_word' id='word_1_259' title='bbox 501 3631 571 3709; x_wconf 83' lang='lat' dir='ltr'><strong>viis,</strong></span> <span class='ocrx_word' id='word_1_260' title='bbox 587 3631 671 3697; x_wconf 86' lang='lat' dir='ltr'><strong>villis</strong></span> <span class='ocrx_word' id='word_1_261' title='bbox 684 3633 716 3696; x_wconf 87' lang='lat' dir='ltr'><strong>et</strong></span> <span class='ocrx_word' id='word_1_262' title='bbox 730 3631 802 3696; x_wconf 90' lang='lat' dir='ltr'><strong>linis</strong></span> <span class='ocrx_word' id='word_1_263' title='bbox 825 3632 951 3714; x_wconf 90' lang='lat' dir='ltr'><strong>templo,</strong></span> <span class='ocrx_word' id='word_1_264' title='bbox 970 3632 1173 3716; x_wconf 88' lang='lat' dir='ltr'><strong>Agylleorum</strong></span> <span class='ocrx_word' id='word_1_265' title='bbox 1196 3631 1299 3696; x_wconf 91' lang='lat' dir='ltr'><strong>nomi·</strong></span> <span class='ocrx_word' id='word_1_266' title='bbox 1313 3628 1383 3694; x_wconf 85' lang='lat' dir='ltr'><strong>aliis</strong></span> <span class='ocrx_word' id='word_1_267' title='bbox 1405 3645 1523 3694; x_wconf 88' lang='lat' dir='ltr'><strong>errasse</strong></span> 
     </span>
     <span class='ocr_line' id='line_1_32' title="bbox 249 3733 1523 3819; baseline -0.004 -19"><span class='ocrx_word' id='word_1_268' title='bbox 249 3739 344 3804; x_wconf 86' lang='lat' dir='ltr'><strong>sacris</strong></span> <span class='ocrx_word' id='word_1_269' title='bbox 362 3736 488 3802; x_wconf 89' lang='lat' dir='ltr'><strong>fiebant.</strong></span> <span class='ocrx_word' id='word_1_270' title='bbox 512 3737 638 3802; x_wconf 82' lang='lat' dir='ltr'><strong>lirrauit</strong></span> <span class='ocrx_word' id='word_1_271' title='bbox 655 3737 715 3802; x_wconf 91' lang='lat' dir='ltr'><strong>Pe·</strong></span> <span class='ocrx_word' id='word_1_272' title='bbox 730 3737 813 3819; x_wconf 88' lang='lat' dir='ltr'><strong>nato,</strong></span> <span class='ocrx_word' id='word_1_273' title='bbox 858 3735 978 3817; x_wconf 88' lang='lat' dir='ltr'><strong>positus</strong></span> <span class='ocrx_word' id='word_1_274' title='bbox 1023 3736 1071 3800; x_wconf 86' lang='lat' dir='ltr'><strong>est</strong></span> <span class='ocrx_word' id='word_1_275' title='bbox 1114 3734 1296 3800; x_wconf 86' lang='lat' dir='ltr'><strong>thesaurus:</strong></span> <span class='ocrx_word' id='word_1_276' title='bbox 1312 3733 1523 3798; x_wconf 85' lang='lat' dir='ltr'><strong>inrestituen·</strong></span> 
     </span>
     <span class='ocr_line' id='line_1_33' title="bbox 250 3835 1526 3923; baseline -0.002 -19"><span class='ocrx_word' id='word_1_277' title='bbox 250 3841 351 3906; x_wconf 88' lang='lat' dir='ltr'><strong>rottus</strong></span> <span class='ocrx_word' id='word_1_278' title='bbox 367 3839 399 3904; x_wconf 93' lang='lat' dir='ltr'><strong>in</strong></span> <span class='ocrx_word' id='word_1_279' title='bbox 417 3840 549 3905; x_wconf 87' lang='lat' dir='ltr'><strong>dictione</strong></span> <span class='ocrx_word' id='word_1_280' title='bbox 564 3841 714 3923; x_wconf 82' lang='lat' dir='ltr'><strong>Agyieus,</strong></span> <span class='ocrx_word' id='word_1_281' title='bbox 731 3857 802 3904; x_wconf 91' lang='lat' dir='ltr'><strong>narn</strong></span> <span class='ocrx_word' id='word_1_282' title='bbox 826 3857 904 3920; x_wconf 85' lang='lat' dir='ltr'><strong>quae</strong></span> <span class='ocrx_word' id='word_1_283' title='bbox 936 3857 1019 3904; x_wconf 89' lang='lat' dir='ltr'><strong>nuno</strong></span> <span class='ocrx_word' id='word_1_284' title='bbox 1047 3836 1139 3904; x_wconf 82' lang='lat' dir='ltr'><strong>Caere</strong></span> <span class='ocrx_word' id='word_1_285' title='bbox 1173 3837 1297 3913; x_wconf 87' lang='lat' dir='ltr'><strong>dicitur,</strong></span> <span class='ocrx_word' id='word_1_286' title='bbox 1310 3837 1448 3904; x_wconf 79' lang='lat' dir='ltr'><strong>daedali.</strong></span> <span class='ocrx_word' id='word_1_287' title='bbox 1455 3835 1526 3902; x_wconf 73' lang='lat' dir='ltr'><strong>lid.</strong></span> 
     </span>
     <span class='ocr_line' id='line_1_34' title="bbox 250 3939 1524 4026; baseline -0.005 -18"><span class='ocrx_word' id='word_1_288' title='bbox 250 3943 356 4025; x_wconf 87' lang='lat' dir='ltr'><strong>legens</strong></span> <span class='ocrx_word' id='word_1_289' title='bbox 391 3942 530 4026; x_wconf 90' lang='lat' dir='ltr'><strong>Agileus,</strong></span> <span class='ocrx_word' id='word_1_290' title='bbox 564 3945 715 4026; x_wconf 88' lang='lat' dir='ltr'><strong>sequutus</strong></span> <span class='ocrx_word' id='word_1_291' title='bbox 730 3941 884 4023; x_wconf 85' lang='lat' dir='ltr'><strong>quondam</strong></span> <span class='ocrx_word' id='word_1_292' title='bbox 906 3940 1138 4006; x_wconf 82' lang='lat' dir='ltr'><strong>nominabatur</strong></span> <span class='ocrx_word' id='word_1_293' title='bbox 1173 3939 1297 4023; x_wconf 87' lang='lat' dir='ltr'><strong>Agylle,</strong></span> <span class='ocrx_word' id='word_1_294' title='bbox 1313 3941 1346 4006; x_wconf 93' lang='lat' dir='ltr'><strong>in</strong></span> <span class='ocrx_word' id='word_1_295' title='bbox 1387 3939 1524 4006; x_wconf 77' lang='lat' dir='ltr'><strong>dadone</strong></span> 
     </span>
     <span class='ocr_line' id='line_1_35' title="bbox 251 4045 1501 4126; baseline -0.002 -17"><span class='ocrx_word' id='word_1_296' title='bbox 251 4045 402 4124; x_wconf 86' lang='lat' dir='ltr'><strong>fortassis,</strong></span> <span class='ocrx_word' id='word_1_297' title='bbox 417 4045 712 4113; x_wconf 80' lang='lat' dir='ltr'><strong>etmultialiicom·</strong></span> <span class='ocrx_word' id='word_1_298' title='bbox 730 4048 788 4110; x_wconf 88' lang='lat' dir='ltr'><strong>etc.</strong></span> <span class='ocrx_word' id='word_1_299' title='bbox 823 4046 907 4116; x_wconf 88' lang='lat' dir='ltr'><strong>retro</strong></span> <span class='ocrx_word' id='word_1_300' title='bbox 941 4045 1010 4110; x_wconf 86' lang='lat' dir='ltr'><strong>vela</strong></span> <span class='ocrx_word' id='word_1_301' title='bbox 1043 4045 1115 4108; x_wconf 90' lang='lat' dir='ltr'><strong>dare</strong></span> <span class='ocrx_word' id='word_1_302' title='bbox 1143 4060 1234 4126; x_wconf 86' lang='lat' dir='ltr'><strong>cogor</strong></span> <span class='ocrx_word' id='word_1_303' title='bbox 1268 4046 1299 4108; x_wconf 91' lang='lat' dir='ltr'><strong>et</strong></span> <span class='ocrx_word' id='word_1_304' title='bbox 1331 4045 1501 4126; x_wconf 80' lang='lat' dir='ltr'><strong>Agyieu,</strong></span> 
     </span>
    </p>

    <p class='ocr_par' dir='ltr' id='par_1_9' title="bbox 252 4146 1524 4230">
     <span class='ocr_line' id='line_1_36' title="bbox 252 4146 1524 4230; baseline -0.005 -18"><span class='ocrx_word' id='word_1_305' title='bbox 252 4149 419 4216; x_wconf 77' lang='lat' dir='ltr'><strong>mentatios</strong></span> <span class='ocrx_word' id='word_1_306' title='bbox 453 4149 553 4214; x_wconf 90' lang='lat' dir='ltr'><strong>editos</strong></span> <span class='ocrx_word' id='word_1_307' title='bbox 585 4151 715 4214; x_wconf 89' lang='lat' dir='ltr'><strong>Acronis</strong></span> <span class='ocrx_word' id='word_1_308' title='bbox 731 4165 839 4216; x_wconf 84' lang='lat' dir='ltr'><strong>cursus</strong></span> <span class='ocrx_word' id='word_1_309' title='bbox 872 4147 986 4212; x_wconf 90' lang='lat' dir='ltr'><strong>iterare</strong></span> <span class='ocrx_word' id='word_1_310' title='bbox 1019 4147 1162 4230; x_wconf 89' lang='lat' dir='ltr'><strong>relictos,</strong></span> <span class='ocrx_word' id='word_1_311' title='bbox 1196 4149 1229 4212; x_wconf 89' lang='lat' dir='ltr'><strong>et</strong></span> <span class='ocrx_word' id='word_1_312' title='bbox 1262 4147 1299 4212; x_wconf 80' lang='lat' dir='ltr'><strong>ab</strong></span> <span class='ocrx_word' id='word_1_313' title='bbox 1314 4147 1402 4214; x_wconf 88' lang='lat' dir='ltr'><strong>ouius</strong></span> <span class='ocrx_word' id='word_1_314' title='bbox 1456 4146 1524 4210; x_wconf 90' lang='lat' dir='ltr'><strong>loco</strong></span> 
     </span>
    </p>
   </div>
   <div class='ocr_carea' id='block_1_6' title="bbox 251 4187 1525 4437">
    <p class='ocr_par' dir='ltr' id='par_1_10' title="bbox 251 4187 1525 4437">
     <span class='ocr_line' id='line_1_37' title="bbox 251 4187 1525 4334; baseline -0.005 -18"><span class='ocrx_word' id='word_1_315' title='bbox 251 4251 492 4318; x_wconf 80' lang='lat' dir='ltr'><strong>nominerouius</strong></span> <span class='ocrx_word' id='word_1_316' title='bbox 504 4251 618 4318; x_wconf 90' lang='lat' dir='ltr'><strong>erroris</strong></span> <span class='ocrx_word' id='word_1_317' title='bbox 631 4269 715 4316; x_wconf 83' lang='lat' dir='ltr'><strong>ocea-</strong></span> <span class='ocrx_word' id='word_1_318' title='bbox 732 4251 885 4334; x_wconf 86' lang='lat' dir='ltr'><strong>Agylleus</strong></span> <span class='ocrx_word' id='word_1_319' title='bbox 929 4269 984 4316; x_wconf 91' lang='lat' dir='ltr'><strong>suo</strong></span> <span class='ocrx_word' id='word_1_320' title='bbox 1029 4251 1096 4314; x_wconf 89' lang='lat' dir='ltr'><strong>loco</strong></span> <span class='ocrx_word' id='word_1_321' title='bbox 1140 4187 1353 4332; x_wconf 58' lang='lat' dir='ltr'><strong>reponere,⁸ob</strong></span> <span class='ocrx_word' id='word_1_322' title='bbox 1381 4248 1525 4314; x_wconf 86' lang='lat' dir='ltr'><strong>dictionis</strong></span> 
     </span>
     <span class='ocr_line' id='line_1_38' title="bbox 252 4292 1524 4437; baseline -0.006 -16"><span class='ocrx_word' id='word_1_323' title='bbox 252 4356 369 4422; x_wconf 92' lang='lat' dir='ltr'><strong>sionem</strong></span> <span class='ocrx_word' id='word_1_324' title='bbox 425 4354 521 4420; x_wconf 85' lang='lat' dir='ltr'><strong>fuisse</strong></span> <span class='ocrx_word' id='word_1_325' title='bbox 543 4399 544 4404; x_wconf 18' lang='grc' dir='ltr'>η</span> <span class='ocrx_word' id='word_1_326' title='bbox 570 4354 715 4431; x_wconf 88' lang='lat' dir='ltr'><strong>arbitror,</strong></span> <span class='ocrx_word' id='word_1_327' title='bbox 731 4357 817 4437; x_wconf 92' lang='lat' dir='ltr'><strong>quod</strong></span> <span class='ocrx_word' id='word_1_328' title='bbox 836 4373 886 4422; x_wconf 88' lang='lat' dir='ltr'><strong>eos</strong></span> <span class='ocrx_word' id='word_1_329' title='bbox 910 4371 970 4418; x_wconf 95' lang='lat' dir='ltr'><strong>non</strong></span> <span class='ocrx_word' id='word_1_330' title='bbox 985 4354 1214 4437; x_wconf 87' lang='lat' dir='ltr'><strong>improbaturus</strong></span> <span class='ocrx_word' id='word_1_331' title='bbox 1230 4292 1408 4432; x_wconf 50' lang='lat' dir='ltr'><strong>con-lhuiue</strong></span> <span class='ocrx_word' id='word_1_332' title='bbox 1437 4351 1524 4434; x_wconf 89' lang='lat' dir='ltr'><strong>igno-</strong></span> 
     </span>
    </p>
   </div>
   <div class='ocr_carea' id='block_1_7' title="bbox 259 4504 463 4513">
    <p class='ocr_par' dir='ltr' id='par_1_11' title="bbox 259 4504 463 4513">
     <span class='ocr_line' id='line_1_39' title="bbox 259 4504 463 4513; baseline 0 -2"><span class='ocrx_word' id='word_1_333' title='bbox 259 4504 463 4513; x_wconf 68' lang='lat'>--·—-—--—-</span> 
     </span>
    </p>
   </div>
   <div class='ocr_carea' id='block_1_8' title="bbox 362 4575 619 4645">
    <p class='ocr_par' dir='ltr' id='par_1_12' title="bbox 362 4575 619 4645">
     <span class='ocr_line' id='line_1_40' title="bbox 362 4575 619 4645; baseline 0.004 -15"><span class='ocrx_word' id='word_1_334' title='bbox 362 4578 381 4643; x_wconf 75' lang='grc' dir='ltr'><strong>Β)</strong></span> <span class='ocrx_word' id='word_1_335' title='bbox 401 4575 463 4630; x_wconf 86' lang='lat' dir='ltr'><strong>vide</strong></span> <span class='ocrx_word' id='word_1_336' title='bbox 483 4592 507 4645; x_wconf 88' lang='lat' dir='ltr'><strong>p.</strong></span> <span class='ocrx_word' id='word_1_337' title='bbox 528 4581 561 4629; x_wconf 80' lang='lat'><strong>25</strong></span> <span class='ocrx_word' id='word_1_338' title='bbox 580 4592 619 4645; x_wconf 90' lang='lat' dir='ltr'><strong>eq.</strong></span> 
     </span>
    </p>
   </div>
   <div class='ocr_carea' id='block_1_9' title="bbox 0 0 1706 5212">
    <p class='ocr_par' dir='ltr' id='par_1_13' title="bbox 0 0 1706 5212">
     <span class='ocr_line' id='line_1_41' title="bbox 0 0 1706 5212; baseline 0 0"><span class='ocrx_word' id='word_1_339' title='bbox 0 0 1706 5212; x_wconf 95' lang='lat' dir='ltr'><strong> </strong></span> 
     </span>
    </p>
   </div>
  </div>
 </body>
</html>
