3404 5212
710 353 1020 418 -29-.

196 543 267 609 inde
290 544 330 608 ab
351 542 443 606 initio
466 542 559 606 buius
581 541 790 608 adnotationis
805 560 903 624 usqne
920 541 959 607 ad
977 541 1073 607 rerba
1090 539 1119 608 ‘.
1133 593 1141 608 .
1154 592 1184 610 ..
1206 545 1316 610 exierit
1336 547 1431 621 intus,

196 648 268 712 istic
291 642 364 712 etc!
397 647 435 711 de
467 645 622 728 scriptura
650 641 764 709 ‘intus’
799 647 1016 710 tantummodo
1039 645 1229 731 disserit⁹⁰);
1264 667 1300 713 ex
1331 647 1433 714 verbis

196 754 303 816 autem
326 749 538 831 sequentibus,
565 748 679 830 quibus
702 748 790 813 varia
812 749 905 812 lectio
929 749 1028 814 trium
1052 749 1300 829 Blandiniorum,
1325 752 1432 816 anli·

195 854 291 933 diani,
316 853 435 934 Divaei‚
461 851 614 933 Martinii,
638 851 774 916 Tonsani
797 851 830 916 in
854 852 995 917 medinm
1018 853 1187 936 profertur,
1212 854 1292 919 nihil
1308 873 1433 937 prorsus

195 957 266 1022 elici
289 959 402 1040 potest,
432 955 513 1038 quod
537 956 601 1020 iure
624 955 663 1018 ad
686 954 935 1020 vetustissimum
958 957 1000 1021 sit
1023 957 1225 1021 referendum.
1259 977 1331 1023 nam
1355 955 1433 1023 (lru-

196 1060 262 1143 quii
285 1061 394 1125 verba:
414 1057 475 1124 ‘sic
498 1064 545 1124 est
568 1055 747 1142 legendum'
774 1059 893 1123 nullam
917 1059 1032 1123 habers
1064 1061 1284 1126 auctoritatem
1307 1060 1373 1128 iam
1397 1083 1433 1127 er

196 1161 449 1228 adnotationibus
482 1162 578 1226 variis
611 1160 804 1244 temporibus
827 1164 868 1227 ad
900 1162 964 1228 Sat.
994 1164 1010 1227 l
1042 1166 1068 1245 1,
1095 1162 1209 1248 10821)
1245 1167 1432 1250 conscriptis

196 1268 273 1330 satis
296 1284 448 1348 superque
472 1264 627 1346 adparuit.
652 1261 1084 1347 -C.16‚16:‘Tydidcc.
1115 1267 1160 1330 sic
1183 1267 1300 1332 habent
1327 1269 1347 1332 3
1366 1269 1432 1334 cod.

196 1366 332 1446 Bland.';
355 1367 544 1451 scripturam
562 1363 733 1451 'Tydiden'
753 1369 784 1431 in
802 1367 828 1429 V
845 1366 984 1432 extitisse
996 1368 1153 1434 adfirmari
1176 1370 1296 1452 nequit,
1320 1371 1433 1454 quippe

196 1468 368 1537 cum‘tres'
387 1471 558 1555 Blandinii‚
574 1488 635 1535 non
651 1475 797 1552 quattuor
812 1468 934 1551 sint⁹⁹).
951 1507 992 1518 -
1009 1471 1074 1536 Sat.
1091 1472 1107 1536 Ι
1124 1473 1173 1553 10,
1192 1473 1291 1539 1-8:
1308 1470 1434 1555 ‘ccrnpc

195 1575 409 1656 inconposito.
433 1575 563 1656 Nempe,
587 1573 774 1638 aduerbium
796 1577 843 1638 est
865 1574 1064 1638 assentientis
1073 1623 1275 1643 ..........
1289 1578 1327 1642 ed
1351 1578 1433 1644 hunc

197 1679 326 1743 modum
363 1680 529 1760 respondet
566 1677 616 1742 bic
649 1679 798 1742 Horatius
836 1678 1077 1759 interrogationi
1111 1680 1244 1745 tacitas:
1283 1684 1316 1746 et
1349 1701 1434 1746 more
1491 1717 1493 1722 .

197 1781 322 1846 Oemico
352 1781 451 1844 sumit
481 1781 640 1844 exordium
670 1799 707 1844 ex
736 1780 870 1862 abrupta
898 1782 1106 1847 confessione:
1141 1785 1236 1864 etque
1258 1783 1318 1848 hoc
1339 1803 1433 1868 argu·

197 1888 302 1950 mento
334 1903 458 1949 necesse
489 1887 538 1949 eet
569 1903 619 1949 eos
650 1903 757 1948 versus
788 1884 960 1948 asscitioios
984 1903 1061 1962 esse,
1085 1886 1138 1967 qui
1169 1885 1204 1950 in
1229 1887 1434 1969 aliquibus

197 1987 486 2069 manuscriptis
509 1987 713 2052 codicibus
735 1987 806 2052 huic
830 1987 962 2068 delegas
985 1988 1204 2072 praepositi
1229 1990 1434 2072 leguntur,

196 2093 232 2156 ut
255 2091 399 2155 emittam
417 2091 449 2156 in
466 2092 509 2155 eis
526 2091 607 2180 nihil
624 2109 717 2172 quarn
732 2091 862 2156 simium
879 2092 1033 2170 quendam
1050 2108 1197 2173 apparere
1212 2092 1433 2167 Horatianum,

197 2215 270 2260 nam
305 2199 336 2259 et
369 2195 467 2260 dictio
498 2213 609 2276 parum
641 2196 797 2271 conuenit,
833 2199 864 2257 et
898 2199 1118 2275 argumentum
1150 2193 1279 2278 Satyrae
1309 2213 1371 2260 non
1402 2197 1435 2260 in

197 2299 363 2376 Lucilium,
395 2297 448 2362 ssd
478 2298 544 2363 eius
573 2298 710 2363 fautores
739 2296 897 2380 dirigitur.
929 2297 979 2360 Ad
1002 2298 1077 2362 haec
1106 2297 1175 2379 quis
1206 2316 1266 2362 non
1289 2300 1437 2364 aduertat

197 2402 459 2467 combinationem
482 2419 589 2465 eornm
614 2419 762 2465 versuum
787 2418 858 2464 cum
882 2400 1024 2464 versibus
1046 2400 1228 2466 Horatianis
1251 2401 1344 2484 plene
1367 2420 1435 2467 esse

196 2506 429 2570 adulterinam?
459 2523 553 2586 qnos
583 2504 697 2569 lubet
729 2503 794 2568 hic
817 2503 1052 2568 adscribere
1076 2523 1117 2567 er
1140 2505 1257 2570 unico
1280 2506 1434 2570 tantum

194 2609 384 2674 Martinio
407 2609 484 2674 cod.
516 2608 627 2683 Lucili,
659 2627 754 2690 quam
783 2607 826 2671 sis
849 2607 1016 2672 mendosus
1024 2655 1183 2673 ........
1188 2605 1196 2629 ’
1228 2627 1303 2672 num
1328 2628 1434 2674 versus

197 2713 300 2777 1.-8.
312 2715 344 2776 in
359 2711 561 2788 Vdefuerint‚
574 2731 611 2775 ex
622 2714 688 2776 tam
700 2712 846 2792 ambiguo
858 2710 1012 2774 referendi
1028 2711 1118 2776 modo
1134 2710 1215 2776 effici
1231 2729 1293 2775 non
1309 2717 1413 2792 potest
1427 2736 1436 2795 3

197 2815 351 2897 Cruquius
380 2813 465 2878 enim
494 2834 564 2879 cum
595 2814 733 2896 primum
756 2814 950 2878 adfirmasset
980 2832 1087 2878 uersus
1112 2815 1182 2879 illos
1208 2811 1255 2878 ‘in
1277 2814 1434 2897 aliquibus

197 2920 417 3001 manuscriptis
455 2918 612 2983 codicibus
648 2917 723 2982 huic
752 2918 885 3001 Eclogae
916 2917 1110 3000 praepositos
1141 2914 1229 3001 legi’,
1262 2922 1370 3000 postea
1400 2938 1435 2982 err

192 3020 321 3086 ‘unico
344 3022 471 3085 tantum
487 3017 653 3085 Martinio'
679 3039 731 3084 eos
750 3021 923 3104 adscripsit,
948 3021 1022 3104 quia
1045 3022 1110 3086 siue
1126 3020 1222 3084 dubio
1237 3022 1436 3104 supersedere

196 3143 286 3208 posse
317 3124 379 3188 sibi
407 3123 494 3188 visus
524 3127 590 3204 est,
621 3124 658 3188 de
688 3126 799 3188 varia
824 3121 1080 3204 ‘assciticiorum’
1127 3125 1255 3188 illorum
1286 3143 1434 3188 vemnum

196 3231 328 3294 lectione
352 3229 452 3292 fusius
482 3227 698 3310 disputareffl).
722 3263 764 3276 -
787 3226 820 3292 (l.
845 3227 895 3292 III
921 3229 970 3307 14,
994 3226 1052 3293 22:
1071 3225 1278 3311 ‘myrsineum
1309 3228 1347 3292 de
1377 3246 1435 3292 un·

197 3335 312 3416 quento
340 3331 483 3413 myrrheo
512 3332 582 3396 ride
604 3331 688 3397 Plin.
711 3331 767 3396 lib.
794 3332 842 3395 12.
874 3351 941 3414 cap.
968 3330 1015 3394 15.
1050 3332 1159 3396 Bland.
1192 3350 1298 3396 omnes
1320 3331 1436 3397 habent

194 3431 356 3500 Murcum?
382 3439 415 3498 at
439 3435 548 3499 Hoebn
571 3435 629 3499 hoc
651 3453 713 3498 non
736 3433 876 3512 credidit,
911 3436 966 3498 sed
1000 3435 1032 3498 in
1068 3435 1217 3500 mirificas
1255 3452 1329 3499 suas
1351 3435 1434 3498 late-

195 3541 266 3604 bras
299 3538 409 3603 statim
442 3556 475 3601 se
510 3537 640 3602 coniecit
674 3538 722 3602 bis
756 3539 858 3603 verbis
891 3556 981 3603 usus:
1019 3558 1184 3619 „mererere
1218 3556 1272 3619 per
1296 3555 1435 3602 nnumr

196 3645 346 3724 scriptum
376 3641 613 3723 typothetae
644 3659 755 3704 error
786 3641 842 3707 est.
874 3639 1027 3724 Gruquius
1057 3642 1186 3723 opponit
1216 3641 1273 3705 hoc
1303 3639 1433 3704 verbum

198 3745 370 3826 scripturae
404 3742 601 3826 myrrhaeam,
636 3760 715 3824 quae
748 3742 865 3822 legitur
898 3747 932 3808 in
966 3740 1071 3810 textu?
1118 3762 1206 3808 sane:
1241 3746 1293 3808 sed
1327 3761 1437 3808 cauea·

197 3868 267 3914 mus
290 3865 412 3912 neccsse
435 3852 492 3925 est,
527 3867 565 3912 ne
588 3845 799 3928 Crnqnianam
834 3847 924 3912 illam
949 3848 1053 3911 omnia
1075 3847 1191 3929 passim
1224 3846 1437 3910 commutandi

301 4070 335 4141 ²⁰)
353 4069 387 4124 ci.
405 4084 430 4138 p.
450 4073 483 4122 42
502 4084 559 4138 sqq.

304 4171 527 4245 &mptm

302 4277 336 4348 ²²)
354 4275 388 4330 pf,
406 4291 432 4345 p,
448 4281 492 4330 aa.
511 4303 546 4316 -
565 4274 668 4340 Merces,
687 4275 727 4328 De
745 4273 802 4328 cod.
821 4273 886 4330 Hor.
906 4291 931 4343 p.
950 4278 992 4328 ol.

302 4379 334 4450 ²³)
350 4379 411 4432 vide
429 4378 532 4432 Hoshn.
550 4395 578 4448 p.
597 4383 638 4434 43.
667 4377 728 4432 adn.
747 4384 790 4432 44.
808 4407 842 4418 -
859 4377 975 4432 fortasse
1002 4394 1043 4431 res
1070 4378 1109 4432 ita
1135 4380 1225 4446 potest
1243 4378 1378 4447 explicari,
1406 4382 1438 4431 ut

199 4465 347 4536 Oruquium
365 4466 414 4520 hos
433 4481 524 4520 versus
543 4467 685 4534 propterea
702 4465 874 4536 adscripsisse
893 4466 1053 4531 statuamus,
1071 4464 1142 4533 qnod
1160 4465 1189 4518 in
1207 4465 1359 4534 exemplari,
1384 4479 1436 4534 quo

205 4553 341 4620 utebatur,
361 4552 434 4622 typis
452 4551 570 4620 expressi
588 4567 641 4605 non
659 4549 829 4620 legebantur.
