3404 5212
798 379 1007 444 ..68-

286 573 417 656 possunt
431 570 595 634 lectiones:
613 567 644 632 C.
661 566 727 631 ΠΠ
751 567 779 642 7,
806 567 853 631 ll.
873 561 996 643 ‘vitae',
1020 565 1118 646 Epod.
1144 565 1193 637 10,
1220 560 1368 627 19.‘sinu
1392 559 1521 635 Notus’,

286 676 368 760 Epi
383 675 432 750 15,
448 675 497 738 16.
509 667 650 746 ‘dulcis'‚
667 670 743 736 ibid.
759 670 792 733 ΙΙ
811 671 837 746 l,
856 669 927 735 167.
939 666 984 732 ‘in
996 664 1146 750 scriptis',
1164 667 1238 732 ibid.
1254 667 1283 746 f,
1301 665 1352 730 32.
1365 663 1520 748 ‘opimis'.

393 777 461 842 lam
485 795 556 841 uero
580 773 793 857 quaerendum
816 772 907 837 nobis
939 773 995 847 est,
1026 791 1100 836 num
1131 787 1242 853 pravas
1272 769 1343 834 illas
1372 770 1522 836 lectiones

287 901 356 947 cum
381 881 508 946 Kellero
534 881 616 944 tanti
638 878 807 942 habeamus
838 893 961 941 necesse
992 877 1045 951 sit,
1078 877 1114 938 ut
1143 873 1307 957 neglectis,
1339 891 1418 955 quae
1448 878 1522 938 sunt

284 985 451 1068 peculiares
485 982 597 1048 codicis
629 981 665 1056 V,
700 979 845 1063 genuinis
875 979 1036 1062 scripturis
1070 982 1207 1044 statuere
1236 979 1403 1044 debeamus
1435 980 1520 1044 hunc

283 1088 399 1153 librum
414 1091 450 1152 ut
465 1085 605 1150 omnium
622 1084 823 1149 deterrimum
839 1084 928 1164 plane
945 1082 1171 1166 neglegendum
1194 1078 1322 1162 esse³⁹).
1338 1100 1398 1163 qua
1422 1081 1459 1146 de
1483 1101 1518 1146 re

284 1192 348 1256 iam
365 1192 424 1255 viri
440 1191 522 1255 docti
535 1193 601 1253 tam
615 1189 715 1254 multa
726 1187 947 1266 disseruerunt,
964 1187 1000 1249 ut
1012 1185 1102 1250 triste
1118 1185 1196 1250 illud
1208 1185 1278 1248 libri
1294 1183 1321 1246 V
1334 1184 1520 1249 desiderium

285 1298 483 1376 veteremque
507 1294 644 1358 dolorem
667 1291 813 1356 refricare
836 1309 918 1355 nunc
948 1291 1075 1372 quidem
1107 1290 1172 1354 fere
1203 1288 1393 1370 superfluum
1423 1289 1522 1372 possit

285 1401 404 1465 haberi.
439 1416 513 1462 nam
536 1397 604 1461 luce
628 1397 741 1460 clarius
765 1399 822 1469 est,
847 1413 1041 1478 nequaquam
1066 1393 1150 1460 locos
1174 1394 1287 1469 deesse,
1310 1392 1423 1475 quibus
1441 1391 1521 1457 (tru-

285 1502 377 1586 quius
394 1501 520 1582 eiusque
537 1502 629 1565 codex
653 1497 885 1564 vetustissimus
909 1501 947 1564 ad
971 1499 1093 1562 textum
1115 1497 1345 1562 emendandum
1360 1497 1521 1562 utilissimi

286 1607 360 1672 sint.
384 1605 516 1688 adparet
540 1622 659 1685 quoque
683 1605 818 1668 codicem
843 1603 934 1667 illum
957 1603 1028 1685 plus
1044 1602 1142 1666 semel
1158 1600 1201 1665 eis
1216 1600 1416 1683 potissimum
1433 1601 1521 1681 lucie,

288 1711 341 1775 ubi
366 1711 460 1774 ceteri
482 1709 554 1776 libri
578 1708 641 1772 fere
665 1725 778 1788 omnes,
804 1708 840 1771 ut
855 1704 979 1770 Horatii
1004 1704 1104 1769 verbis
1128 1708 1209 1782 utar,
1233 1704 1372 1784 proiecta
1394 1704 1521 1768 viliores

289 1817 361 1880 sunt
395 1812 483 1894 alga,
517 1813 731 1891 incorruptam
765 1813 796 1874 et
831 1809 1003 1874 infucatam
1035 1807 1126 1872 nobis
1157 1824 1294 1872 servasse
1323 1807 1521 1890 scripturam.

287 1917 419 1998 denique
442 1915 541 1997 liquet
563 1914 736 1997 peculiares
759 1913 830 1979 illas
853 1913 1002 1978 lectiones
1026 1912 1108 1978 tanti
1131 1911 1224 1994 pretii
1239 1929 1315 1990 esse,
1331 1913 1366 1976 ut
1381 1911 1522 1976 codicem

288 2019 315 2084 V
339 2019 417 2086 locis
439 2018 506 2082 illis
528 2019 666 2099 primum
689 2017 828 2082 omnium
852 2035 966 2100 ponere
990 2024 1084 2098 atque
1105 2015 1140 2080 in
1156 2016 1337 2080 uniuersum
1352 2015 1426 2082 huic
1440 2015 1522 2080 libro

286 2123 474 2206 dignitatem
498 2140 588 2185 suam
612 2121 769 2185 vindicare
793 2121 970 2186 debeamus.

388 2227 462 2291 Fuit
485 2225 563 2289 liber
589 2223 820 2290 vetustissimus
843 2225 927 2289 certe
951 2241 1032 2288 unus
1055 2242 1091 2288 ex
1116 2224 1203 2288 bonis
1234 2222 1396 2288 codicibus
1420 2223 1523 2289 Hora·

286 2331 379 2394 tianis
403 2330 577 2412 dignusque
601 2329 734 2404 videtur,
759 2328 812 2409 qui
835 2345 890 2392 suo
916 2327 1069 2392 reddatur,
1088 2326 1207 2392 honori.
1231 2327 1269 2392 ob
1293 2327 1374 2392 hanc
1393 2343 1522 2392 causam

288 2434 457 2499 dolendum
480 2434 529 2498 est
552 2449 646 2513 quam
669 2433 812 2508 maxime,
837 2430 928 2512 quod,
960 2449 1032 2495 cum
1055 2450 1117 2497 non
1147 2430 1271 2515 integro
1302 2431 1405 2496 codice
1434 2433 1523 2497 nobis

286 2537 333 2600 uti
365 2536 478 2619 licent,
509 2537 576 2598 tam
608 2553 718 2599 manca
750 2534 966 2598 tantummodo
998 2536 1089 2616 atque
1119 2535 1265 2600 incohata
1294 2532 1399 2616 potius
1429 2553 1522 2616 quam

286 2640 423 2723 perfecta
445 2641 511 2703 eius
534 2639 659 2703 collatio
683 2638 771 2704 nobie
795 2641 918 2704 servata
941 2643 996 2702 est.
1021 2655 1095 2702 nam
1119 2640 1239 2703 restant
1261 2638 1430 2702 nonnullae
1454 2639 1520 2702 lec·

286 2746 394 2823 tiones,
419 2762 497 2825 quae
521 2762 591 2806 cum
615 2738 671 2823 pe'r
694 2761 726 2806 se
749 2742 823 2807 ferri
843 2743 964 2824 possint
980 2745 1074 2824 atque
1090 2762 1108 2806 a
1124 2742 1335 2825 compluribus
1351 2740 1522 2808 editoribus

248 2869 251 2873 ·
286 2851 426 2930 receptae
449 2849 522 2922 sint,
547 2847 737 2912 tamennon
761 2846 927 2910 confestim
943 2843 1368 2928 propter‘vctustissimi
1383 2845 1522 2910 auctori-

286 2947 399 3016 tatem'
426 2951 518 3014 erunt
548 2948 734 3034 probandae,
773 2968 842 3014 cum
874 2953 1071 3033 praesertim,
1106 2952 1133 3015 si
1163 2949 1294 3032 Cruquii
1325 2949 1397 3014 fidei
1428 2950 1521 3031 atque

287 3055 445 3119 doctrinae
468 3052 643 3129 innitimur,
667 3052 755 3134 quasi
774 3055 931 3118 labantem
948 3055 1143 3136 ponticulum
1158 3053 1380 3134 ingrediamur,
1397 3073 1433 3118 en
1449 3071 1518 3136 quo,

287 3179 325 3223 ne
348 3158 505 3240 inprouiso
528 3156 777 3240 praecipitemur,
802 3176 893 3240 quam
919 3160 1052 3222 maxime
1075 3158 1172 3222 vereri
1196 3153 1405 3242 debemusffl).
1439 3157 1520 3238 peri-

261 3263 426 3327 culosum
450 3263 534 3325 enim
558 3261 696 3342 profecto
720 3279 796 3343 opus
820 3281 885 3327 esse
908 3262 1034 3326 videtur
1056 3279 1145 3326 veras
1169 3265 1200 3324 et
1224 3265 1326 3326 certas
1357 3260 1472 3327 codicis
1494 3260 1521 3322 V

287 3365 436 3431 lectiones
459 3384 494 3429 ex
518 3362 696 3446 Cruquiana
719 3364 876 3447 farragine
900 3363 1067 3448 colligendi
1090 3366 1183 3446 atque
1206 3365 1417 3445 recuperandi.
1449 3383 1522 3428 nam

286 3469 424 3552 primum
459 3467 576 3531 scimus
610 3465 782 3549 Oruquium
821 3468 854 3532 in
886 3467 1049 3551 scripturis
1080 3467 1258 3532 adferendis
1289 3486 1380 3550 saepe
1409 3487 1522 3551 paucas
1576 3492 1581 3501 ·

286 3574 413 3637 tantum
435 3571 570 3648 litterae,
595 3589 657 3636 non
679 3570 777 3636 verba
799 3573 866 3655 ipsa
889 3575 1067 3654 respexisse.
1099 3572 1210 3636 deinde
1240 3573 1349 3636 notum
1380 3577 1427 3636 est
1450 3590 1522 3636 eum

288 3677 338 3741 hic
360 3676 428 3740 illic
449 3676 609 3753 lectiones,
633 3695 710 3758 quas
733 3677 786 3742 alii
810 3665 911 3742 codici
934 3677 1068 3755 deberet,
1093 3678 1148 3742 alii
1173 3677 1297 3742 cuidam
1320 3696 1374 3758 per
1389 3695 1522 3742 errorem

286 3779 482 3846 adtribuisse.
505 3799 604 3861 neque
627 3781 741 3844 desunt
764 3783 913 3864 exempla,
930 3783 1041 3865 quibus
1057 3783 1205 3864 probetur
1221 3801 1293 3846 enm
1311 3781 1430 3846 codices
1446 3800 1520 3846 suos

288 3884 338 3947 hic
360 3883 427 3948 illic
449 3903 488 3948 ne
512 3885 614 3966 legere
638 3885 762 3966 quidem
793 3887 939 3968 potuisse.
972 3890 1093 3952 constat
1122 3885 1253 3968 denique
1288 3887 1349 3952 iam
1383 3886 1522 3968 antiquis

287 3986 478 4069 temporibus
502 3987 643 4052 librarios
668 3987 751 4052 baud
774 4006 843 4053 raro
867 3990 1001 4072 singulis
1024 3989 1139 4054 litteris
1163 3991 1359 4070 permutatis,
1390 3989 1520 4072 syllabis

286 4108 448 4174 perperam
471 4090 537 4154 sive
560 4091 718 4156 distractis
740 4092 806 4158 sive
828 4093 999 4158 coniunctis
1021 4091 1239 4174 similibusque
1258 4091 1344 4156 uitiis
1361 4091 1517 4157 deforma·

391 4279 422 4346 ³⁰)
441 4280 475 4334 cf.
493 4279 617 4348 Epilegg.
636 4296 660 4348 p.
680 4283 827 4335 800—835.

390 4366 421 4433 ⁴⁰)
441 4365 509 4419 Sunt
526 4381 587 4419 vcro
604 4365 634 4420 hi
652 4365 717 4421 loci:
736 4364 764 4421 C.
783 4365 843 4421 1111
863 4372 887 4431 6,
907 4371 948 4419 21.
970 4359 1084 4430 ‘flexus',
1103 4365 1169 4419 ibid.
1188 4369 1230 4420 28.
1252 4360 1401 4436 ‘Agylleu'.
1429 4366 1486 4420 Sat.
1505 4367 1520 4421 I

288 4459 312 4518 1,
334 4457 390 4511 108.
413 4447 469 4520 'qui
488 4468 563 4506 nemo
581 4447 634 4514 ut‘,
652 4453 717 4506 ibid.
741 4453 813 4516 11³,
833 4458 891 4508 189.
913 4447 973 4518 ‘at’,
993 4453 1060 4506 ibid.
1079 4459 1102 4515 8,
1122 4457 1163 4506 88.
1186 4446 1294 4516 ‘albae’,
1314 4453 1360 4522 Ep.
1380 4453 1453 4518 112,
1481 4459 1519 4507 16.

285 4532 402 4604 ‘laedit’,
421 4539 486 4592 ibid.
506 4543 529 4604 3,
548 4544 607 4592 426.
630 4532 726 4608 ‘quoi’,
744 4540 840 4608 quibus
858 4539 971 4596 adicias:
991 4539 1019 4596 Ο.
1038 4538 1098 4598 1111
1117 4543 1141 4602 4,
1161 4543 1202 4594 73.
1231 4535 1404 4612 ¹perficiunt’,
1430 4539 1520 4596 Sati

288 4631 313 4691 3,
333 4629 374 4678 60.
398 4619 565 4688 ‘versemur'‚
583 4624 648 4678 ibid.
667 4625 740 4690 114,
759 4631 801 4679 44.
825 4620 986 4683 ‘fecundae’.
