3404 5212
784 379 995 444 ,28-

267 567 341 634 illas
357 569 577 653 adsignaverit,
601 569 673 632 luce
695 568 810 632 clarius
833 569 882 632 est
904 568 971 632 eius
994 567 1078 632 modi
1102 567 1185 631 locos
1208 567 1268 630 nisi
1291 583 1363 630 cnm
1386 583 1508 630 summa

267 671 412 736 cautione
434 672 466 736 in
489 691 521 736 re
545 670 655 736 critica
677 670 851 736 lectitanda
874 668 1016 735 adbiberi
1040 687 1102 733 non
1125 665 1277 751 posse¹⁸).

371 774 537 840 Praeterea
566 773 641 857 quid
671 773 774 838 dicam
797 776 834 839 de
864 773 922 837 tali
951 771 1105 837 referendi
1127 789 1248 855 genere,
1278 771 1368 854 quale
1391 771 1509 854 legitur

267 879 306 943 ad
338 875 371 942 C.
396 878 429 942 Il
454 877 504 955 13,
528 877 587 944 38:
613 873 665 941 ‘rb
699 876 847 960 laborem,
885 880 922 940 ut
959 875 1054 941 habet
1090 874 1270 953 Lambinus,
1308 873 1341 938 in
1379 872 1508 938 nullis

267 980 391 1063 scriptis
414 977 547 1058 inveni',
573 982 623 1044 vel
645 980 684 1045 ad
707 979 763 1062 llp.
788 980 804 1044 Ι
827 980 859 1055 5,
883 980 920 1044 6:
940 975 992 1045 ‘st
1024 978 1135 1044 nulla
1161 997 1232 1044 mea
1253 977 1370 1060 scripta
1392 976 1509 1042 babent

268 1080 355 1148 sin’i
388 1103 490 1150 nonne
512 1102 567 1166 pro
590 1084 673 1149 certo
697 1082 857 1148 adfirmari
881 1084 984 1165 potest
1007 1103 1044 1148 ex
1067 1081 1324 1148 eiusmodiloeis
1346 1099 1453 1146 reram
1475 1082 1508 1144 et

266 1191 385 1253 certam
420 1187 536 1253 codicis
571 1186 600 1250 V
633 1186 823 1270 scripturam
860 1185 988 1250 omnino
1021 1205 1083 1250 non
1118 1186 1185 1251 erui
1218 1185 1329 1270 posse?
1366 1185 1506 1250 attamen

266 1289 379 1355 Hoehn
416 1291 548 1372 utroque
578 1289 647 1354 loco
672 1285 730 1354 ‘si'
771 1289 804 1352 et
833 1285 1019 1367 ‘laborum',
1057 1291 1144 1371 quasi
1181 1293 1284 1354 assant
1319 1287 1508 1354 certissimae

266 1392 340 1456 libri
364 1393 392 1455 V
414 1393 572 1472 lectiones,
596 1393 629 1456 in
652 1391 789 1457 indicem
825 1409 917 1456 suurn
953 1393 1080 1474 recepit.
1113 1411 1189 1456 num
1221 1390 1320 1475 igitur
1353 1389 1508 1454 mehercle

266 1497 359 1578 putat
374 1495 554 1578 Gruquium,
579 1515 650 1560 cum
673 1494 822 1561 lectiones
841 1491 895 1558 ‘si'
921 1495 954 1559 et
971 1491 1143 1560 ‘laborum'
1167 1493 1201 1559 in
1230 1493 1411 1558 Garminum
1434 1509 1508 1557 cou-

266 1600 384 1663 textum
416 1599 510 1664 tacite
544 1599 719 1680 recepisset,
754 1599 874 1663 verbis:
900 1594 1003 1663 ‘nulla
1036 1616 1107 1662 mea
1140 1595 1259 1679 scripta
1288 1595 1406 1660 babent
1428 1593 1505 1661 sin'

266 1701 348 1766 idern
376 1701 546 1775 dictitasse,
577 1702 658 1783 quod
682 1701 745 1765 fere
767 1702 884 1766 verbis:
905 1698 1051 1766 ‘omnes
1074 1701 1194 1766 codices
1217 1699 1333 1765 babent
1355 1696 1414 1778 si',
1446 1699 1506 1776 rel,

267 1805 342 1886 quia
364 1803 459 1869 nullis
482 1804 637 1870 codicibus
660 1805 851 1885 scripturam
869 1799 1040 1868 ‘laborem'
1065 1802 1227 1881 adtribuit,
1250 1805 1314 1868 iam
1338 1802 1407 1867 ideo
1425 1798 1506 1866 ‘om-

267 1903 371 1971 nibus’
386 1907 540 1972 codicibus
552 1907 721 1972 lectionem
737 1907 917 1992 adsignasse
929 1901 1101 1972 ‘laborum’
1119 1905 1185 1986 ’Ἣ
1202 1905 1349 1970 similiter
1365 1923 1398 1968 se
1413 1904 1508 1969 babet

267 2028 315 2073 res
343 2009 376 2074 in
405 2009 605 2075 adnotatione
632 2013 670 2075 ad
694 2008 759 2075 Sat.
782 2010 813 2073 H
836 2010 866 2081 3.
891 2006 969 2072 245:
989 2005 1161 2092 ‘impenso
1196 2008 1323 2074 omnino
1354 2007 1506 2088 existimo,

267 2113 317 2179 rel
351 2112 672 2178 reclamantibus
704 2112 911 2178 codicibus
947 2111 1134 2178 omnibus
1164 2113 1333 2198 legendum
1357 2129 1423 2176 esse
1445 2112 1507 2176 im·

268 2212 485 2298 menso....’;
520 2215 571 2280 hic
604 2234 725 2298 quoque
755 2235 791 2282 er
821 2215 949 2300 Gruquii
984 2215 1087 2280 verbis
1123 2233 1320 2297 nequaquam
1354 2216 1508 2281 redundat

269 2319 476 2384 reclamantes
499 2319 570 2384 illos
593 2321 714 2384 codices
737 2339 872 2385 ornnes
888 2315 1058 2403 ‘impenso'
1079 2318 1266 2394 exhibuisse,
1291 2319 1403 2401 quippe
1426 2320 1506 2400 quod

267 2421 372 2486 nullus
395 2424 557 2504 praeberet
573 2420 760 2488 ‘immenso'

371 2527 481 2591 Restat
512 2526 655 2610 denique,
683 2531 720 2590 ut
742 2544 856 2609 paucos
879 2526 963 2593 locos
986 2525 1174 2610 singillatim
1200 2526 1363 2600 excutiam,
1393 2524 1507 2608 quippe

268 2647 344 2712 quos
369 2630 477 2695 Hoebn
500 2623 689 2696 incuriosius
712 2633 796 2697 certe
820 2637 852 2696 et
875 2633 970 2696 nimis
993 2631 1124 2696 licenter
1141 2631 1180 2695 ad
1196 2629 1333 2696 codicem
1350 2629 1378 2691 V
1393 2629 1508 2695 reterre

267 2733 377 2798 voluit.
411 2737 486 2798 sunt
508 2739 614 2799 autem
637 2736 685 2798 hi:
717 2735 783 2802 Set.
806 2736 823 2800 I
847 2736 876 2809 7,
900 2736 958 2802 2οι
984 2731 1088 2799 ‘intas
1105 2737 1313 2817 procurreret.
1343 2735 1389 2798 sic
1411 2733 1508 2798 babet

268 2837 362 2904 codex
386 2836 500 2904 Bland.·
523 2841 766 2918 vetustissimus,
791 2841 841 2904 cui
864 2839 1122 2905 subscribendum
1141 2857 1268 2904 censeo:
1292 2839 1364 2920 post
1386 2837 1506 2904 multus

267 2958 370 3022 namq.
402 2941 485 3005 inter
506 2959 540 3006 se
562 2944 778 3022 contumelias,
808 2947 879 3024 post
901 2942 1004 3006 multa
1027 2942 1167 3007 conuicia
1190 2945 1220 3006 et
1243 2940 1412 3006 maledicta
1434 2957 1506 3022 pro·

269 3043 438 3108 currebant
469 3044 551 3110 foras
585 3046 620 3110 in
654 3049 843 3112 conuentum
875 3047 1029 3112 sociorum
1060 3048 1097 3110 ad
1122 3046 1269 3122 Brutum,
1302 3045 1340 3109 ut
1363 3045 1391 3110 is
1414 3061 1508 3110 ceum

267 3145 402 3228 cognita,
425 3146 515 3212 litem
538 3149 710 3226 dirimeret,
738 3168 850 3232 eosque
873 3151 1082 3233 componeret.
1113 3149 1227 3213 Intus
1249 3150 1355 3213 autem
1378 3165 1505 3229 procur·

266 3267 344 3325 rere,
374 3250 423 3314 est
452 3250 606 3316 deloco
640 3251 836 3318 interiore
866 3252 905 3317 et
934 3269 1093 3316 secessu
1123 3250 1257 3334 aliquo
1287 3251 1320 3316 in
1342 3249 1507 3332 publicum

266 3352 406 3434 prodire:
435 3352 469 3416 in
499 3371 535 3417 ea
557 3354 786 3438 significatione
813 3357 857 3419 cb
884 3355 996 3419 intus
1017 3353 1132 3419 Plauto
1156 3358 1205 3420 est
1227 3354 1391 3429 usitatum,
1415 3356 1507 3420 utin

266 3452 386 3521 Cistell.
410 3456 461 3522 dic
482 3475 532 3521 me
555 3476 642 3522 orare
665 3462 701 3523 ut
723 3458 838 3540 aliquis
859 3459 944 3524 intus
966 3457 1097 3539 prodeat
1128 3456 1161 3522 in
1177 3456 1274 3522 Milit.
1299 3458 1352 3521 aed
1370 3456 1428 3522 ubi
1448 3457 1503 3524 ille

266 3558 377 3624 exierit
400 3560 496 3636 intus,
520 3560 592 3626 istic
615 3562 674 3626 etc.
699 3561 869 3628 Variant
892 3564 1022 3628 autem
1045 3560 1110 3626 bic
1133 3561 1303 3638 codices,
1326 3580 1400 3627 nam
1423 3567 1506 3628 tres

266 3661 404 3728 Bland.
428 3661 557 3744 babent,
579 3665 777 3742 concurrunt,
800 3682 871 3728 cunr
894 3664 982 3730 Busl.
1007 3664 1080 3730 Diu.
1100 3669 1131 3730 et
1148 3664 1243 3730 Mart.
1268 3683 1287 3730 a
1308 3665 1422 3748 quibus
1445 3683 1506 3730 nen

267 3763 412 3830 dissentit
428 3764 583 3832 Canterus
597 3769 645 3834 vir
667 3769 699 3832 in
715 3767 825 3852 primis
841 3757 992 3834 eruditus
1025 3773 1058 3833 at
1074 3769 1165 3834 Tene.
1189 3768 1296 3843 babet,
1320 3773 1504 3835 occurrunt:

267 3885 373 3934 verum
392 3869 475 3949 (meo
490 3871 615 3950 quidem
633 3871 763 3955 iudicio)
786 3873 996 3954 legendum
1019 3876 1096 3949 est,
1120 3868 1322 3955 procurrunt?
1348 3870 1501 3954 Cruquius

269 4017 388 4024 ..ιω-...η-
396 4019 474 4026 ψ.-

370 4089 402 4157 ¹⁸)
419 4091 453 4147 cl.
471 4091 572 4146 indicos
590 4097 704 4148 nostros.

371 4176 404 4248 Ι9)
421 4178 455 4232 cl.
474 4179 560 4248 ipsius
576 4179 694 4236 Hoehuii
712 4181 794 4236 rerba
811 4198 837 4250 p.
857 4186 886 4236 t:
903 4176 1083 4236 ‘licetrellius
1102 4195 1203 4236 errasse
1215 4180 1283 4236 mihi
1295 4180 1403 4235 ridetur
1415 4180 1505 4249 suspi-

265 4266 340 4348 catps
359 4279 391 4318 ex
408 4266 535 4320 contextu
553 4265 661 4322 Horatii
680 4267 832 4338 Oraquianc
852 4267 991 4324 Blandinii
1008 4267 1187 4324 vetustissimi
1205 4269 1264 4322 erui
1275 4283 1354 4338 posse
1366 4268 1503 4332 lectiones,

266 4365 332 4418 quas
352 4351 484 4424 Cruqniua
502 4356 726 4409 auctoritate
745 4356 849 4410 illius
877 4356 1006 4412 codicis
1033 4371 1099 4410 non
1127 4371 1281 4425 expresse
1308 4371 1503 4412 commemo·

265 4443 341 4489 rata
358 4437 456 4506 quasi
475 4454 509 4492 ex
528 4439 676 4494 silentio
695 4444 832 4496 contextui
861 4443 1027 4504 inseruisset.
1046 4443 1117 4498 Nam
1143 4442 1196 4497 etsi
1225 4442 1394 4511 reperiantur
1424 4443 1453 4495 in
1472 4458 1502 4496 eo

264 4521 392 4661 lectliones
411 4525 438 4578 in
456 4525 534 4578 nulla
552 4525 671 4582 editione
690 4531 820 4594 extantes,
839 4531 930 4588 tamen
949 4530 1041 4584 casin
1060 4527 1148 4584 codice
1166 4527 1191 4582 V
1208 4529 1293 4582 luisse
1319 4527 1395 4582 nullo
1421 4525 1501 4583 modo

264 4623 312 4676 pro
332 4610 371 4662 ari
390 4607 496 4679 potest?
