3404 5212
713 361 924 427 „25-

303 551 362 618 Sed
391 553 457 617 iam
488 571 655 636 pergamus
685 553 724 617 ad
755 551 908 634 graviora.
934 552 1010 616 locis
1040 553 1124 616 haud
1153 552 1260 636 paucis
1283 551 1438 634 Oruquius

204 655 386 738 compendio
403 651 524 739 ‘(cod.)
545 651 691 721 Bland'
716 655 893 738 promiscue
916 654 1017 719 utitur
1042 657 1132 719 modo
1147 673 1202 737 pro
1218 655 1333 737 plurali
1348 655 1439 718 modo

202 779 259 844 pro
281 759 433 842 singulari
457 776 596 841 numero,
619 759 667 823 ita
689 759 825 841 quidem,
845 761 881 822 ut
897 759 1023 840 quinam
1041 777 1191 823 uumerus
1206 758 1438 839 intellegendus
1460 749 1466 768 '

201 861 253 936 sit,
277 877 511 942 nonnumquam
533 861 665 942 perspici
687 863 832 943 nequeat.
859 861 1000 926 conferas
1033 879 1162 944 quaeso:

303 963 335 1029 6.
353 963 436 1043 Ilo,
456 959 1065 1030 1966166666.61661666666666666.
1084 960 1219 1048 Bland’3
1236 963 1315 1028 ibid.
1332 962 1383 1038 86,
1400 963 1438 1028 5:

194 1066 328 1150 ‘facitis
351 1065 396 1131 sio
428 1066 543 1130 babent
567 1066 679 1131 Bland.
712 1085 788 1148 quos
816 1065 953 1150 sequor'.
976 1065 1029 1154 [=
1046 1065 1215 1154 ‘(codicos)
1238 1064 1437 1151 Blandinll'].

301 1167 335 1235 (l.
359 1167 374 1232 1
400 1171 449 1246 19,
476 1170 531 1234 12:
550 1166 713 1233 ‘attineat
739 1187 820 1232 unus
842 1171 907 1234 cod.
933 1171 1048 1236 Bland.
1072 1171 1185 1236 habuit
1208 1171 1332 1252 attinet,
1356 1172 1437 1252 quod

199 1276 296 1340 litura
326 1270 467 1352 indicat'3
496 1273 571 1338 ibid.
596 1274 646 1338 ΙΙΙ
669 1273 699 1349 5,
723 1273 780 1338 23¹:
804 1270 885 1338 ‘cod
909 1273 1021 1338 Bland.
1052 1275 1149 1340 babet
1169 1274 1288 1347 clusas,
1312 1273 1439 1356 antiquo

201 1373 306 1441 more?
329 1373 510 1454 [=‘codox
533 1371 754 1460 Blandiniue.']

304 1477 337 1545 Ο.
361 1477 430 1557 13,
456 1478 512 1542 36:
537 1476 699 1560 fpcrropit
726 1479 883 1544 Acheron.
910 1482 974 1544 cod.
1004 1478 1116 1544 Bland.
1147 1480 1242 1545 Mart.
1274 1477 1359 1544 Carr.
1389 1477 1440 1541 bic

199 1581 327 1660 babent,
351 1583 493 1665 perrupit
515 1582 703 1656 Acheronta,
727 1583 794 1647 sine
818 1583 928 1666 copula
951 1579 1046 1665 que';
1069 1583 1149 1647 ibid.
1176 1583 1204 1659 1,
1227 1582 1280 1660 66,
1303 1583 1338 1646 86
1356 1577 1438 1644 ‘noa

199 1684 280 1751 alio.
303 1687 357 1750 sed
374 1684 431 1750 sub
448 1683 567 1749 eodem.
582 1685 641 1748 hoc
656 1686 747 1750 modo
763 1685 870 1750 iuveni
886 1685 920 1750 in
931 1687 998 1751 666.
1009 1686 1121 1751 ΒΙ666.
1135 1705 1315 1768 expressum
1330 1735 1425 1753 .....
1430 1681 1438 1706 ’

201 1785 399 1874 [=‘codex'
425 1809 465 1854 an
482 1785 651 1857 ''condicae
674 1787 832 1877 Blandi]

303 1893 396 1958 Locis
409 1893 576 1957 nouissime
587 1893 717 1974 prolatis
730 1912 791 1958 non
803 1912 870 1958 esso
883 1891 1102 1973 dubitandum,
1120 1895 1195 1977 quin
1212 1915 1244 1958 re
1261 1911 1335 1958 vera
1353 1911 1438 1957 com·

200 1998 350 2080 pendium
373 1995 460 2061 istud
483 1995 586 2060 multo
604 1996 730 2078 saepius
752 1997 955 2080 pluralem
978 1997 1136 2080 significet
1152 2017 1328 2074 numerum,
1346 2015 1440 2079 quam

198 2098 401 2182 singularem,
415 2099 479 2162 iam
492 2095 584 2163 facile
597 2098 741 2162 Hoehnio
755 2098 798 2182 (p.
814 2100 882 2184 16.)
895 2101 1111 2166 concesserim.
1125 2101 1178 2165 sed
1191 2101 1250 2166 hac
1262 2121 1294 2164 re
1309 2100 1439 2164 minime

198 2203 263 2268 iam
278 2202 355 2282 tota,
379 2203 410 2267 id
426 2200 508 2282 quod
523 2201 577 2265 ille
603 2201 745 2279 credidit,
763 2201 935 2266 difficultas
951 2202 1085 2268 tollitur.
1110 2223 1183 2268 nam
1198 2204 1282 2285 quod
1298 2203 1439 2267 indidem

199 2305 309 2370 statim
332 2304 485 2370 conclusit
507 2321 617 2368 omnes
639 2303 790 2369 lectiones
812 2305 993 2387 compendio
1025 2304 1087 2370 isto
1121 2305 1312 2390 significatas
1344 2305 1441 2370 Blau-

201 2410 285 2474 diuio
309 2408 531 2491 antiquissimo
554 2408 736 2473 tribuendas
760 2427 835 2488 esso,
859 2407 1066 2474 falsissimum
1088 2414 1136 2474 est
1152 2427 1251 2492 neque
1266 2409 1331 2474 ullo
1347 2411 1440 2491 pacto

200 2512 327 2595 probari
363 2514 477 2595 potest.
504 2512 640 2576 exoritur
678 2513 762 2577 enim
801 2513 902 2577 altera
938 2512 1078 2594 quaestio
1116 2531 1214 2596 eaque
1251 2531 1313 2578 non
1350 2512 1440 2594 parri

201 2615 369 2681 momenti:
394 2635 470 2679 num
494 2615 621 2680 omuino
644 2619 719 2680 nota
736 2613 907 2680 ‘codices
932 2611 1151 2680 Blandinii'
1176 2618 1305 2680 eandem
1328 2615 1442 2680 habeat

202 2720 277 2796 vim,
300 2737 395 2802 quam
418 2718 499 2784 illud
517 2715 669 2782 ‘omncs
693 2715 933 2798 Blandinii',
958 2719 1078 2801 dequo
1101 2717 1208 2800 paullo
1229 2717 1311 2784 iufra
1340 2732 1441 2782 sermo

202 2825 271 2888 erit.
291 2823 330 2888 ad
347 2841 442 2906 quam
459 2841 524 2886 rem
540 2822 773 2886 inlustrandam
790 2822 851 2886 duo
862 2821 1018 2904 proferam
1031 2823 1170 2904 exempla
1181 2823 1440 2906 locupletissima.

201 2925 317 2991 etenim
340 2925 480 3008 primum
503 2925 544 2988 ad
567 2923 601 2989 6.
624 2913 641 2988 Ι
663 2924 762 3006 6,16.
789 2925 865 2989 baec
888 2925 1052 2989 adnotavit
1075 2923 1244 3007 (lruquiust
1269 2922 1440 3007 ‘Tydidae

200 3033 245 3096 sic
267 3030 385 3095 babent
407 3031 470 3093 tres
493 3029 559 3094 eod.
584 3029 718 3103 Bland',
744 3029 798 3094 sed
815 3028 926 3111 paullo
949 3027 1248 3105 infraO.115‚28.
1273 3029 1312 3093 ad
1335 3029 1441 3094 locum

203 3132 294 3197 modo
317 3133 476 3214 prolatum
494 3131 548 3195 bis
571 3130 677 3195 verbis
699 3149 754 3196 nos
776 3131 945 3214 relegavit:
971 3127 1137 3212 ‘Tydides
1158 3133 1201 3196 sic
1231 3130 1381 3196 scribitur
1410 3134 1442 3198 in
1537 3158 1538 3162 ¹

201 3236 343 3300 Bland.
368 3235 439 3299 vide
461 3233 539 3298 oden
568 3235 599 3300 6.
623 3229 735 3318 supra?
783 3234 875 3299 facile
907 3234 1007 3316 igitar
1040 3236 1171 3300 conicias
1194 3231 1327 3301 ‘Bland.'
1359 3237 1442 3302 nihil

201 3339 287 3402 aliod
311 3339 369 3402 boc
392 3338 458 3402 loco
480 3336 658 3421 significare
681 3337 745 3401 nisi
764 3333 842 3403 'tres
860 3336 980 3403 Bland?
1006 3339 1117 3403 deinde
1140 3339 1178 3404 ad
1203 3338 1268 3404 Sat.
1285 3341 1318 3404 II
1342 3339 1441 3418 644.

201 3443 277 3508 haec
307 3441 457 3506 adnotata
485 3442 635 3524 leguntur
665 3442 712 3506 66.
738 3441 831 3506 1578.
857 3463 888 3527 p.
910 3442 992 3508 4882
1019 3439 1155 3510 ‘......
1193 3441 1338 3507 Ceterum
1368 3443 1442 3508 duo

200 3545 314 3610 Bland.
338 3544 456 3608 codices
479 3543 606 3626 babent,
624 3543 751 3608 166666
765 3548 810 3608 est
827 3543 975 3623 Galliac,
991 3547 1027 3610 ut
1042 3545 1154 3610 nessus
1170 3547 1257 3629 legit,
1276 3546 1441 3620 Thraeces

190 3649 357 3731 inquiens,
381 3647 571 3730 gladiatores
595 3647 836 3712 asimilitudine
852 3649 1063 3728 parmularum
1080 3647 1284 3712 Thraciarum
1309 3697 1426 3714 ......
1431 3645 1439 3670 '

198 3757 232 3816 at
255 3753 289 3815 in
318 3751 487 3815 satirarum
518 3749 656 3814 editione
688 3769 715 3814 a.
740 3749 833 3817 1573.
857 3771 885 3835 p.
909 3749 983 3816 420.
1016 3753 1170 3833 scriptum
1193 3756 1257 3818 est:
1284 3749 1439 3818 ‘ceterum

200 3855 311 3921 Bland.
346 3853 467 3919 codices
499 3852 634 3929 babent,
670 3852 798 3918 Tbraec
830 3857 877 3918 cst
904 3853 1041 3936 pollina,
1076 3851 1170 3931 eatt',
1209 3853 1255 3918 ita
1283 3855 1319 3919 ut
1344 3851 1433 3921 ‘duo'

198 3959 242 4022 sit
271 3957 432 4022 omissum.
471 3975 533 4039 qua
562 3956 750 4022 difficultate
779 3958 939 4040 permotus
967 3957 1078 4022 Hoebn
1107 3959 1140 4022 in
1169 3957 1271 4040 priore
1300 3956 1439 4022 editione

200 4061 383 4146 typothetae
406 4079 541 4124 errorem
564 4061 765 4125 statuendum
790 4061 924 4142 putarit,
951 4057 1040 4144 ‘quia
1063 4061 1215 4144 quomodo
1247 4061 1327 4126 illud
1347 4057 1439 4126 ‘duo’

202 4165 236 4230 in
259 4165 393 4230 alteram
422 4165 590 4230 editionem
620 4165 791 4246 irrepserit
822 4163 967 4246 intellegi
997 4159 1149 4246 nequeet’.
1168 4170 1210 4246 (p.
1236 4163 1301 4248 18.)
1332 4183 1441 4228 verum

201 4269 295 4334 facile
316 4269 348 4332 id
371 4268 475 4350 potest
498 4267 639 4350 intellegi
662 4286 762 4350 neque
785 4271 842 4344 est,
867 4286 922 4332 cnr
944 4267 1183 4350 typothetarum
1199 4268 1309 4332 statim
1325 4283 1442 4332 errores

199 4373 380 4449 odoramur,
418 4371 608 4454 ubicumque
645 4369 817 4436 difficultas
855 4369 1006 4452 quaedam
1044 4370 1153 4451 paullo
1189 4371 1315 4452 gravior
1351 4371 1439 4435 nobis

200 4537 280 4605 ram';
298 4559 367 4611 quoe
385 4542 468 4596 rerba
497 4541 555 4595 sine
575 4541 658 4594 dubio
686 4542 725 4596 ita
744 4517 947 4612 interpretanda
965 4543 1043 4596 suat:
1070 4535 1119 4594 ‘sic
1136 4541 1237 4596 habent
1265 4541 1318 4596 duo
1336 4543 1439 4600 codices

202 4627 347 4695 Blandinii‚
367 4627 572 4696 antiquissimus
591 4627 649 4682 sine
667 4627 725 4680 ulla
742 4627 835 4690 litura,
856 4627 946 4680 alter
965 4643 1011 4694 per
1028 4625 1157 4682 lituram’.
