3404 5212
797 422 1009 486 ..24„.

284 611 393 676 Hoebn
428 629 499 674 curn
524 610 758 676 Hirschfeldero
787 614 818 674 et
845 609 992 674 Meuesio
1033 609 1147 684 lacere,
1182 607 1236 689 qui
1273 607 1442 691 Cruqnium
1476 607 1524 671 his

282 715 386 778 verbis
409 713 504 778 etiam
521 711 774 796 antiquissimum
799 713 965 796 complecti
988 713 1124 777 voluisse
1150 730 1330 794 persuasum
1355 711 1521 776 habebant.

283 838 354 884 nam
389 821 427 882 ad
467 817 600 898 ineptias
642 819 678 880 ut
710 818 916 899 perducamur
951 817 1093 881 futurum
1134 833 1202 879 esse
1240 815 1381 898 putauit,
1419 813 1447 877 si
1480 814 1522 882 id.

283 921 365 1002 qnod
393 920 426 983 in
455 919 685 1002 antiquissimis
717 919 895 984 Blandiniis
926 923 1062 1004 legatur,
1093 920 1312 1000 antiquissimo
1343 917 1522 983 abiudicare

284 1023 425 1088 velimus.
451 1023 502 1086 cui
526 1025 650 1106 quidem
673 1023 812 1106 opinioni
827 1023 916 1088 nulla
931 1025 1019 1089 certa
1034 1024 1154 1088 ratione
1170 1021 1334 1086 stabilitae
1349 1026 1400 1086 sat
1414 1021 1524 1105 gravia

283 1131 469 1210 argumenta
491 1127 703 1192 obversantur.
728 1144 803 1191 nam
825 1144 887 1190 non
916 1126 1021 1191 solum
1038 1127 1152 1208 ipsum
1182 1124 1441 1207 antiquissimum
1471 1123 1524 1188 rel

282 1232 359 1296 duos
382 1231 433 1295 vel
461 1233 524 1294 tres
547 1228 730 1294 Blandinios
761 1228 930 1294 honorifico
957 1229 1012 1294 illo
1043 1229 1222 1306 vetustatis,
1254 1229 1336 1310 quod
1365 1245 1522 1303 vocamus,

284 1333 423 1419 epitheto
446 1333 607 1398 exornavit
623 1331 789 1416 Oruquins
813 1333 866 1398 sed
890 1334 985 1399 etiam
1012 1351 1119 1397 ornnes
1147 1335 1298 1414 quattuor
1325 1331 1522 1398 Blandinios.

282 1455 382 1520 neque
397 1437 478 1502 solos
493 1437 673 1502 Blandinios
689 1432 1095 1508 vocavit‘vetustissimos’,
1120 1437 1173 1499 sed
1197 1435 1294 1500 etiarn
1317 1436 1446 1499 cunctos
1467 1434 1520 1498 hic

282 1541 364 1618 illic,
394 1558 469 1624 quos
499 1539 649 1617 habebat,
685 1539 805 1606 codices
835 1541 887 1604 vel
916 1559 1016 1604 unum
1046 1539 1221 1604 altemmve
1251 1557 1287 1602 er
1310 1539 1370 1616 eis,
1406 1537 1521 1620 quibus

285 1645 467 1711 Blandinios
484 1663 555 1709 oum
570 1645 757 1708 auctoritate
772 1646 842 1708 tum
855 1647 1015 1708 vetustate
1032 1643 1124 1726 longe
1139 1643 1325 1724 praecellere
1339 1659 1522 1723 persuasum

281 1748 427 1813 habebat.
452 1765 546 1830 quam
568 1765 633 1810 rem
657 1750 693 1810 ut
716 1747 906 1830 comprobes,
929 1745 992 1810 iam
1016 1765 1073 1830 age
1096 1763 1209 1828 quaeso
1237 1763 1360 1809 mecum
1383 1741 1523 1808 conferas

281 1853 366 1934 ipsos
389 1851 584 1935 singularum
608 1849 781 1914 editionum
804 1849 924 1930 titulae,
949 1845 1110 1927 veluti‘Q.
1128 1850 1206 1914 Hor.
1223 1848 1272 1911 sl.
1289 1849 1414 1929 llpodon
1430 1846 1523 1928 liber,

284 1975 320 2020 ex
350 1954 659 2037 antiquissimis
690 1955 843 2035 septem
871 1953 1025 2018 codicibus
1061 1971 1135 2018 mss.
1179 1971 1250 2016 cum
1288 1949 1523 2016 commentariis

284 2060 424 2142 antiquis
446 2059 627 2124 emendatus
651 2055 747 2135 cett’,
766 2054 817 2137 ‘Q.
834 2057 909 2122 Hor.
926 2057 973 2122 Fl.
998 2057 1192 2141 satyrarum,
1221 2075 1276 2120 seu
1298 2054 1403 2136 potius
1430 2053 1520 2120 Ecle-

285 2183 396 2247 garum
419 2159 495 2228 libri
517 2161 561 2226 Il.
586 2161 632 2226 lin
654 2161 873 2244 antiquiss.
902 2161 1091 2225 undecim
1124 2161 1212 2225 codd.
1236 2179 1310 2222 mss.
1340 2153 1435 2236 cett',
1465 2157 1522 2221 ad·

282 2267 474 2332 notationem
505 2267 544 2330 ad
568 2267 622 2350 llp.
645 2267 661 2330 I
687 2268 714 2348 1,
738 2265 795 2330 57:
819 2262 877 2328 ‘est
905 2264 1034 2328 coimus
1063 2263 1131 2327 tibi.
1164 2263 1217 2327 bio
1246 2280 1352 2326 versus
1381 2260 1415 2324 in
1444 2263 1522 2326 cod.

281 2369 435 2436 Buslid.
471 2371 752 2434 vetustissimo
786 2369 988 2451 praeponitur
1022 2367 1106 2446 huic,
1142 2367 1171 2430 si
1199 2365 1458 2450 quodriopeutis3
1490 2368 1522 2428 et

282 2475 408 2556 quidem
441 2477 524 2538 recte
538 2469 584 2556 (!)’
616 2475 656 2538 al.
688 2493 723 2538 er
758 2475 870 2556 quibus
905 2471 1055 2553 exemplis
1088 2471 1166 2536 satis
1201 2487 1355 2552 superque
1389 2470 1521 2551 adparet

284 2577 457 2661 Oruquium
480 2577 514 2641 in
537 2577 597 2642 bac
620 2597 654 2642 re
676 2575 838 2660 vulgarem
857 2577 971 2642 aetatis
993 2593 1067 2638 suae
1082 2574 1339 2639 consuetudinem
1354 2591 1418 2637 esse
1435 2591 1526 2638 secu-

284 2684 353 2747 tum
376 2683 432 2760 ita,
456 2682 547 2745 utin
573 2680 829 2746 commendandis
852 2679 917 2744 suis
941 2677 1131 2744 lectionibus
1162 2679 1234 2743 ante
1263 2678 1380 2741 ceteros
1409 2676 1522 2742 codicis

281 2786 357 2863 eius,
382 2804 474 2868 quem
498 2783 588 2850 modo
612 2784 701 2867 sequi
726 2784 863 2861 volebat,
886 2783 1096 2848 venerandam
1120 2783 1311 2846 vetustatem
1341 2781 1517 2862 praedicare

282 2891 407 2954 soleret.
433 2889 479 2953 sic
503 2889 552 2954 vel
575 2888 642 2971 ipse
665 2887 830 2970 profitetur
852 2888 891 2952 ad
915 2879 980 2953 Sat.
1006 2888 1020 2951 l
1044 2888 1074 2960 5,
1098 2887 1150 2952 62.
1174 2888 1235 2962 (ed.
1256 2883 1348 2951 1578.
1373 2903 1402 2966 p.
1419 2883 1526 2968 aaa),

275 2987 385 3058 ‘huius
407 2990 469 3055 loci
491 2990 792 3073 interpretationem,
823 3009 895 3054 cunr
917 3007 1010 3053 nemo
1040 3008 1076 3053 er
1107 2987 1271 3053 neotericis
1300 2988 1380 3052 mibi
1402 2989 1522 3054 faceret

281 3095 370 3172 satis,
393 3097 483 3160 tanta
506 3113 582 3160 cnra
604 3097 636 3158 et
659 3095 826 3159 sedulitate
849 3094 1021 3176 perquisiui
1045 3096 1171 3174 emique
1187 3112 1221 3156 er
1238 3092 1359 3156 lacunis
1377 3097 1518 3156 veterum

284 3201 482 3284 scriptorum,
507 3200 544 3263 ut
566 3218 626 3264 non
649 3199 764 3264 iniuria
788 3217 858 3262 eam
879 3199 957 3262 meis
979 3197 1139 3261 laboribus
1158 3198 1328 3262 asscribere
1343 3195 1421 3260 mibi
1436 3195 1519 3259 inte-

281 3323 372 3386 grum
388 3301 510 3380 fuisset,
528 3303 562 3366 si
577 3321 650 3366 non
667 3301 914 3378 maluissem,
932 3301 998 3365 hic
1013 3300 1058 3366 ab
1077 3301 1325 3366 auctoritate
1340 3303 1518 3364 veterum

281 3409 411 3472 locum
449 3405 537 3489 plus
574 3405 719 3469 habere
756 3403 961 3480 momenti,
1001 3409 1039 3468 et
1076 3403 1267 3486 ponderis
1313 3404 1357 3468 ad
1401 3403 1520 3468 fidem

282 3511 522 3587 faciendam,
552 3529 647 3592 qnam
671 3527 706 3572 ea
729 3527 807 3590 quae
830 3525 913 3571 nuno
936 3528 954 3571 a
977 3527 1026 3571 me
1049 3508 1099 3571 vel
1123 3526 1142 3570 a
1164 3506 1344 3572 doctissimo
1368 3506 1401 3568 in
1424 3524 1515 3587 argu-

281 3619 388 3681 mento
411 3615 506 3681 simili
531 3611 699 3696 excogitari
722 3614 860 3693 possunt.
885 3611 967 3676 Nam
980 3609 1145 3675 ¹Blandinii
1163 3611 1281 3675 codices
1299 3627 1408 3673 omnes
1431 3603 1513 3672 cett?

280 3738 379 3801 neque
406 3719 498 3783 aliter
521 3737 672 3798 magnum
696 3733 816 3797 quoque
840 3715 1017 3778 Bentleium
1041 3713 1252 3794 persuadendi
1281 3732 1373 3778 causa
1395 3713 1521 3794 praeter

281 3822 462 3887 Blandinios
474 3821 611 3886 codicem
624 3820 855 3900 Buslidianum,
868 3819 1059 3892 Temenum,
1075 3817 1183 3882 Divaei
1200 3816 1319 3881 librum
1337 3816 1408 3897 plus
1422 3816 1522 3878 semel

280 3923 546 4006 verbis‘optimae
562 3919 666 3988 notae'
693 3922 742 3986 vel
761 3919 968 3986 ‘venerandae
993 3916 1203 4002 antiquitatis’
1228 3918 1432 4002 insignivisse
1454 3935 1521 3980 om-

281 4031 372 4093 nibus
395 4033 504 4094 notum
528 4030 585 4093 est.
609 4047 687 4110 quae
711 4047 782 4091 curn
805 4027 850 4091 ita
872 4026 945 4103 sint,
970 4023 1112 4106 equidem
1138 4023 1219 4088 illud
1240 4021 1317 4087 ‘tres
1343 4017 1517 4106 (vel‘dno')

278 4135 347 4199 cod.
370 4133 481 4197 Bland.
505 4125 729 4214 antiquissimi'
747 4129 791 4192 nil
815 4129 901 4193 aliud
924 4147 990 4192 esse
1010 4132 1125 4203 statuo,
1143 4127 1210 4214 nisi
1228 4123 1307 4190 ‘tres
1332 4125 1396 4212 (rel
1414 4121 1521 4206 θ111111’)

281 4231 456 4302 Blandinii’
471 4255 532 4318 qua
555 4236 592 4299 de
615 4232 779 4298 verborum
802 4231 1045 4296 conformatione
1068 4231 1132 4294 iam
1149 4229 1322 4313 supradixi
1345 4229 1412 4293 eius
1435 4227 1520 4292 modi

281 4341 367 4416 locis,
390 4339 464 4422 quid
480 4340 512 4403 in
535 4338 683 4403 codiceV
706 4337 810 4413 fuerit,
835 4335 920 4399 nullo
943 4339 1033 4416 pacto
1058 4334 1193 4416 expediri
1216 4331 1361 4416 posse¹⁶).

288 4463 492 4470 ——-—-—-

384 4512 416 4585 ¹⁶)
435 4513 520 4568 Prare
538 4511 632 4566 Hoebn
650 4512 783 4566 intereos
810 4511 887 4575 locos,
916 4508 964 4562 ubi
996 4508 1027 4562 de
1055 4507 1185 4562 dnobus
1207 4506 1360 4562 Blandiniis
1379 4500 1521 4573 ‘antiquis-

281 4591 364 4652 simis’
394 4616 480 4652 sermo
507 4601 547 4664 fit,
574 4599 644 4654 banc
667 4597 778 4652 rettulit
797 4611 901 4666 quoque
925 4595 1129 4649 adnotationem
1147 4593 1182 4647 ad
1200 4594 1230 4649 C.
1250 4593 1278 4648 II
1298 4598 1338 4660 13,
1355 4597 1386 4645 8:
1404 4587 1521 4646 ‘occasa

281 4685 391 4740 Colcho.
412 4686 449 4739 sic
468 4685 569 4738 habent
588 4685 640 4738 duo
659 4685 716 4740 cod.
736 4683 833 4738 Bland.
853 4681 997 4752 antiquiss.
1017 4681 1074 4734 sine
1094 4681 1152 4734 ulla
1176 4680 1268 4744 litura,
1296 4679 1364 4733 alter
1391 4694 1438 4748 per
1455 4677 1520 4729 litu-
