3404 5212
809 388 1022 452 -70-

401 575 438 639 ld
462 596 560 642 unum
580 579 688 642 autem
709 596 830 660 semper
852 577 949 661 probe
972 578 1142 643 tenendum
1158 578 1226 658 erit,
1243 581 1354 660 atquo
1371 577 1532 660 pauciores

298 698 335 744 er
357 680 474 745 nostris
497 680 653 746 codicibus
676 681 790 747 alieubi
813 681 942 746 eandem
969 681 1017 748 vel
1041 682 1175 747 similem
1194 685 1348 766 quandam
1367 681 1533 748 exhibeant

298 783 485 867 scripturam
513 787 607 868 atque
636 786 760 850 oollatio
784 804 803 850 a
825 785 959 870 qunio
982 787 1137 864 instituta,
1168 789 1231 852 iam
1263 805 1299 852 eo
1327 785 1437 852 minorv
1457 788 1531 852 huie

298 885 465 953 tribuenda
495 888 597 954 sitin
635 889 847 954 emaculandis
877 889 1001 956 Horatii
1032 891 1182 974 poematis
1217 890 1339 958 fidutia.
1375 894 1427 957 sed
1464 911 1533 956 oum

298 991 381 1055 certo
404 993 517 1056 oertins
548 992 590 1058 sit
619 992 736 1058 librum
766 993 967 1059 Blandininm
991 995 1030 1060 ad
1046 995 1170 1060 Horatii
1210 996 1304 1060 verba
1341 997 1534 1061 emendanda

291 1095 425 1160 maximi
448 1113 515 1162 esse
544 1097 705 1175 momenti,
736 1096 823 1176 loeis,
852 1097 905 1163 ubi
939 1097 1013 1181 quid
1041 1097 1074 1162 in
1103 1098 1183 1163 libro
1207 1098 1235 1162 V
1258 1098 1412 1182 seriptum
1436 1099 1533 1164 fuerit

299 1198 452 1281 explorari
481 1201 594 1283 potest,
626 1199 792 1265 collatione
821 1201 878 1266 ille
907 1204 996 1266 utere
1025 1219 1099 1266 sano
1132 1202 1245 1267 indioio
1275 1203 1335 1282 ita,
1366 1206 1402 1267 ut
1432 1221 1533 1286 neque

298 1300 432 1368 nimium
454 1305 481 1368 ei
504 1303 624 1368 tribuas
647 1322 745 1386 neque
768 1322 838 1369 eam
859 1305 943 1370 insto
966 1307 1094 1370 minoris
1116 1307 1273 1370 aestimes.

400 1407 594 1490 Itaqueiam
616 1407 711 1472 linem
733 1408 806 1474 huie
822 1409 1028 1492 disputationi
1050 1411 1198 1493 inponam
1222 1429 1345 1476 neeesse
1369 1413 1417 1476 est
1438 1411 1530 1476 libel·

298 1511 542 1594 lumque‘huno,
570 1512 603 1576 in
632 1531 725 1595 quem
755 1532 805 1578 me
833 1513 970 1578 multum
999 1513 1138 1578 laborem
1169 1514 1346 1594 inpendisse
1376 1517 1484 1590 testor,
1515 1533 1530 1579 e

299 1616 441 1682 manibus
465 1616 634 1682 dimittam.
658 1615 736 1681 vade
765 1616 864 1700 igitar
894 1617 971 1682 liber
1002 1617 1131 1700 valeque
1163 1620 1326 1700 alacerque
1355 1617 1531 1703 progredito

298 1718 405 1802 eequis
428 1721 661 1786 commendatus
683 1721 870 1786 censoribus.
895 1721 948 1805 qui
972 1722 998 1786 si
1021 1740 1082 1786 nou
1105 1723 1251 1788 inutilem
1274 1741 1400 1806 operam
1424 1723 1457 1786 in
1475 1722 1533 1787 hae

299 1824 479 1906 quaestione
503 1844 553 1890 me
574 1815 884 1908 posuisse'dixerint
908 1827 1061 1909 quantum
1084 1829 1120 1891 tu
1143 1826 1222 1890 mihi
1239 1828 1357 1892 adferes
1373 1825 1531 1909 gaudium.

400 2462 544 2516 danudon.
564 2478 588 2530 p.
611 2465 649 2513 10.
667 2461 696 2515 in
715 2461 804 2516 verbis
822 2478 853 2514 ex
871 2461 989 2516 editione
1007 2478 1031 2514 a.
1052 2466 1125 2526 1565.
1144 2458 1308 2528 depromptis
1321 2474 1384 2527 pro:
1402 2452 1425 2510 ³.
1436 2495 1442 2510 .
1453 2459 1530 2528 .quia

297 2548 403 2612 inviis,
423 2540 767 2602 villisetseorisfiebant¹
799 2548 872 2617 lege:
899 2542 1025 2616 ‘...quia
1051 2547 1080 2600 in
1107 2547 1166 2611 viis,
1194 2547 1267 2610 vicis,
1296 2545 1371 2598 villis
1398 2546 1423 2598 ei
1451 2561 1528 2598 saera

297 2627 419 2687 fiebant'.
433 2664 464 2674 -
478 2650 503 2702 p.
517 2639 558 2686 ea.
577 2634 644 2690 med.
662 2633 744 2690 adde:
764 2634 793 2690 c.
812 2634 842 2688 ΙΙ
862 2640 902 2701 re,
921 2639 962 2687 aa.
979 2629 1112 2689 ‘mecum
1128 2635 1167 2702 (m
1186 2631 1244 2686 edd.
1262 2633 1528 2687 semenstrem:

297 2721 453 2788 Rhoecum).
473 2721 512 2774 sio
539 2719 619 2774 habet
645 2720 701 2774 eod.
729 2721 826 2774 Bland.
853 2721 996 2790 antiquiss.
1023 2719 1079 2774 sed
1106 2737 1169 2774 non
1196 2721 1268 2772 sine
1294 2717 1415 2770 litura:
1442 2733 1522 2786 quam

297 2805 437 2860 lectionem
456 2805 613 2860 seruandam
631 2805 759 2861 habemns
778 2823 808 2860 ex
826 2805 994 2876 Apollodoro,
1012 2805 1060 2861 lib.
1080 2799 1109 2860 3?
