3404 5212
71 2442 80 2845 ι

80 3040 86 3351 l

566 1520 688 1562 lrltteralur
701 1521 731 1562 ist
744 1521 783 1562 das
797 1519 913 1572 Fragment
927 1519 966 1562 der
975 1519 1117 1572 Fragmenta:
1133 1521 1171 1562 das
1180 1520 1293 1574 Wanigste
1308 1521 1395 1568 descen,

592 1601 636 1630 was
650 1590 745 1642 geschalr
765 1590 809 1632 und
827 1588 960 1641 gesprachen
978 1589 1071 1638 worden.
1090 1590 1149 1630 werd
1170 1589 1325 1642 geschrieben3
1347 1601 1396 1632 rom

594 1657 767 1700 Gesclrriebenen
782 1657 812 1698 ist
825 1657 864 1698 das
878 1655 991 1708 Wenigste
1004 1657 1069 1708 dbrig
1082 1658 1205 1709 gehlieben.

825 1725 936 1775 doctae,
952 1726 1066 1768 lanima
1080 1727 1130 1768 aad
1143 1727 1290 1778 Reflaxa'oma.
1306 1726 1342 1770 IV.

255 2074 354 2171 Initio
376 2105 470 2171 huius
493 2104 634 2187 opusculi
657 2105 752 2170 liceat
774 2104 862 2185 mihi,
886 2123 966 2186 quae
988 2105 1031 2169 sit
1054 2107 1120 2170 eius
1142 2106 1229 2188 origo
1245 2106 1392 2190 quodque

146 2214 328 2292 consilium,
352 2214 460 2294 paucis
484 2210 646 2295 explicare.
669 2231 741 2277 cum
764 2213 849 2276 enim
865 2213 939 2276 ante
954 2212 1010 2276 hos
1026 2213 1136 2278 decem
1152 2231 1273 2278 menses
1290 2212 1392 2278 haesi-

145 2323 263 2395 tarem,
286 2316 445 2380 undenam
467 2314 640 2380 disserendi
663 2314 828 2380 materiem
851 2334 1019 2398 sumerem,
1053 2333 1128 2383 ecee,
1154 2317 1224 2381 tum
1247 2334 1337 2382 casus
1361 2321 1393 2382 et

148 2419 306 2485 divinatio
320 2417 482 2501 quaedem
498 2420 638 2483 auctores
653 2417 733 2482 mihi
749 2418 886 2499 fuerunt,
903 2423 939 2484 ut
956 2420 1190 2485 commentariis
1207 2419 1393 2504 Oraquianis

149 2542 281 2588 manum
315 2523 481 2588 admovere
517 2523 698 2603 inciperem.
744 2524 884 2604 atquae
913 2523 1073 2606 magistris
1108 2525 1187 2589 meis
1223 2525 1393 2589 carissimis

148 2626 301 2692 benevole
324 2625 474 2690 incitatus
497 2644 563 2689 rem
586 2624 632 2688 ita
653 2625 714 2708 egi,
738 2625 774 2688 ut
796 2626 933 2708 primum
949 2625 1070 2690 relictis
1085 2626 1150 2690 fere
1164 2625 1320 2704 omnibus,
1337 2629 1392 2710 qui

148 2729 252 2793 adhuc
275 2729 314 2793 de
338 2747 427 2793 cruce
449 2726 628 2809 (lruquiana
650 2727 683 2791 in
707 2725 811 2791 lucem
839 2729 1031 2810 prodierunt,
1065 2729 1202 2795 uirorum
1229 2730 1393 2795 doctorum

148 2830 279 2907 libellis,
303 2849 381 2908 meo,
405 2834 442 2894 ut
464 2830 589 2906 dicitur,
614 2832 716 2896 Marte
737 2833 840 2896 totam
864 2833 1052 2914 quaestionis
1076 2832 1168 2898 huius
1190 2836 1336 2899 naturam
1361 2837 1394 2899 et

150 2937 290 3001 indolem
321 2935 496 3017 perspicere
524 2936 691 3000 studerem.
735 2935 866 2999 uerebar
900 2935 1061 3014 nimirum,
1096 2955 1136 3000 ne
1169 2938 1326 3019 inproviso
1361 2938 1393 3002 in

151 3039 276 3104 eosdem
307 3037 476 3104 inciderem
507 3055 643 3112 errores,
677 3037 716 3102 de
746 3039 857 3119 quibus
892 3038 1085 3105 Godolredus
1118 3039 1279 3105 Hermann
1321 3045 1394 3106 ante

151 3145 361 3226 qnadraginta
385 3139 510 3205 circiter
534 3158 631 3205 annos
653 3141 730 3206 haee
753 3140 927 3210 dictitavit:
945 3139 1115 3208 ‘Credendi
1131 3143 1308 3209 uberrimus
1323 3143 1394 3209 lons

151 3251 304 3329 perpetua
314 3245 441 3310 iteratio
455 3247 512 3321 est,
526 3245 766 3328 necquidquam
778 3246 846 3310 tam
858 3246 973 3310 falsum
986 3248 1042 3311 aut
1057 3248 1228 3312 absurdum
1245 3249 1393 3324 invenies,

84 3354 87 3439 ζ
151 3351 232 3433 quod
256 3367 379 3430 semper
403 3351 434 3412 et
458 3348 572 3429 ubique
588 3347 733 3412 auditum
749 3366 811 3412 non
830 3367 938 3413 verum
954 3367 1021 3413 esse
1037 3349 1192 3429 credatur,
1209 3349 1393 3432 praesertim

151 3455 188 3519 ab
213 3452 266 3531 iis,
290 3471 423 3534 quorum
446 3456 570 3515 mentes
593 3453 644 3518 uel
667 3472 723 3535 per
746 3454 882 3517 aetatem
905 3453 956 3517 vel
978 3471 1034 3534 per
1049 3471 1158 3517 sexum
1174 3453 1224 3517 val
1239 3471 1294 3534 per
1310 3453 1394 3517 vitae

150 3574 249 3641 genus
273 3555 313 3620 ad
337 3554 540 3637 cogitandum
567 3555 744 3620 imbecillae
768 3563 851 3620 sunt.
875 3557 992 3620 eccidit
1015 3574 1089 3621 uero
1112 3555 1209 3620 etiam
1240 3555 1392 3621 litteratis

151 3659 342 3736 hominibus,
366 3663 402 3723 nt
425 3677 471 3733 ee,
495 3658 609 3741 quibus
632 3677 651 3724 a
672 3658 788 3742 puerili
811 3663 912 3724 aetate
937 3659 1261 3742 adsueuerant,'omni
1278 3659 1392 3724 erroris

152 3763 326 3848 suspicione
349 3761 474 3827 exclusa
496 3780 553 3843 pro
586 3763 669 3826 veris
703 3761 839 3828 habeant
869 3813 985 3830 ......
989 3761 998 3785 '
1033 3763 1145 3828 deinde
1180 3768 1285 3828 autem
1320 3781 1393 3826 cum

152 3866 306 3950 propriam
340 3864 433 3930 huius
467 3867 660 3948 quaestionis
694 3867 846 3932 rationem
880 3867 943 3932 iem
976 3868 1056 3932 mihi
1090 3869 1271 3952 cognovisse
1306 3866 1392 3932 visus

154 3989 261 4048 essem,
284 3969 402 4033 maiore
424 3989 495 4034 cnm
518 3970 684 4053 diligentia
716 3971 853 4036 virorum
881 3971 1044 4036 doctorum
1073 3972 1197 4036 libellos
1226 3973 1391 4053 adgressus

153 4095 216 4139 sum
240 4091 276 4138 eo
300 4072 438 4153 consilio,
462 4077 498 4137 ut
522 4075 635 4138 certior
658 4074 775 4151 fierem,
798 4095 877 4158 quae
900 4076 1026 4141 tandem
1049 4095 1098 4141 res
1120 4077 1160 4140 ad
1182 4076 1265 4140 hunc
1293 4095 1392 4158 usque

154 4181 232 4244 diem
248 4179 398 4243 accurata
412 4181 540 4261 egerent
562 4178 832 4262 interpretatione.
859 4199 957 4264 neque
980 4199 1050 4262 spes
1073 4201 1123 4245 me
1146 4179 1271 4256 fefellit,
1294 4180 1392 4244 immo

153 4283 230 4366 qnod
243 4285 337 4346 antea
349 4283 476 4346 tantum
488 4281 669 4364 suspicatus
692 4301 788 4365 eram,
812 4285 844 4348 id
868 4303 951 4349 nunc
973 4287 1097 4366 penitus
1112 4284 1192 4348 mihi
1207 4302 1392 4366 persuasum

154 4389 208 4456 est:
233 4386 276 4452 ad
294 4385 453 4450 Blandinii
474 4385 682 4451 uetustissimi
704 4387 851 4452 lectiones
875 4389 1109 4453 constituendas
1128 4387 1392 4470 adquiescendum

155 4511 209 4558 non
231 4509 300 4556 esse
324 4491 356 4553 in
379 4489 518 4572 copiisa
548 4491 762 4573 superioribus
794 4493 959 4576 congestis,
991 4493 1044 4556 sed
1075 4509 1110 4555 eo
1140 4509 1216 4573 opus
1248 4509 1325 4568 esse,
1357 4493 1394 4555 ut

98 4668 100 4677 ,
153 4599 243 4662 denuo
270 4593 423 4660 editiones
448 4591 644 4676 (lruquianae
676 4613 768 4678 quom
800 4594 1042 4676 diligentissime
1072 4595 1279 4660 excutiantur.
1311 4595 1392 4678 quod

1274 4705 1286 4752 l
